4809 6142
606 515 684 593 554
849 509 852 514 “
1124 508 1155 575 J.
1212 506 1686 596 Fancnnnun,

606 728 869 845 proscissum
907 722 964 809 ad
1005 750 1153 810 semen
1185 719 1494 836 accipiendum
1534 720 1713 833 triginta
1750 750 2021 841 unoquoque
2061 722 2223 810 ferme

608 903 721 957 anno
768 866 951 972 reddat,
993 889 1062 970 et,
1106 895 1207 951 cum
1251 895 1401 951 omnes
1446 861 1513 948 dii
1555 862 1797 970 adiuvent,
1848 866 1976 951 etiarn
2017 868 2222 955 centesi-

603 1044 760 1117 mum,
813 1007 950 1096 veluti
1004 1009 1172 1095 Plinius
1226 1009 1334 1095 olim
1381 1004 1435 1111 de
1480 1007 1708 1093 Leontinis
1750 1006 1861 1119 agris
1905 995 1933 1092 l.
1968 1039 2005 1093 0.
2050 1010 2216 1097 resert.

608 1153 873 1267 »Traditum
919 1153 1068 1269 itaque
1108 1173 1194 1255 est,
1236 1150 1378 1265 pergit
1415 1146 1538 1235 idem
1579 1147 1855 1234 doctissimus
1891 1173 2069 1255 auctor,
2110 1151 2216 1237 En·

604 1326 707 1381 nam
749 1293 807 1379 ob
840 1292 1113 1379 fertilitatem
1162 1270 1420 1404 camporum
1455 1321 1480 1377 a
1518 1289 1685 1411 Cerere
1718 1289 2078 1409 habitataml‘).«
2146 1294 2217 1379 Et

606 1437 694 1523 alio
720 1436 842 1522 100οι
881 1464 1019 1521 »vero
1053 1433 1197 1519 simile
1233 1434 1357 1538 satis,
1396 1434 1563 1551 iuquit,
1596 1433 1790 1538 ridetur,
1825 1433 1948 1550 quod
1981 1436 2104 1521 nulla
2139 1436 2219 1523 Si·

543 1608 547 1613 ·
605 1579 734 1665 ciliae
775 1578 880 1664 urbs
920 1576 1158 1682 exstiterit,
1200 1577 1311 1693 quin
1348 1574 1525 1662 Cereris
1566 1605 1729 1661 numen
1769 1604 1873 1691 prae
1919 1574 2003 1662 diis
2043 1580 2213 1665 ceteris

603 1720 818 1828 coluerit3
857 1748 957 1803 nam
984 1739 1119 1803 totam
1150 1715 1348 1801 Siciliam
1379 1716 1498 1805 dono
1528 1715 1698 1809 dedisse
1729 1717 2018 1832 Proserpinae
2047 1720 2213 1806 lovem

605 1862 720 1953 dicit
753 1860 1038 1964 scholiastes,
1089 1860 1148 1945 ad
1182 1888 1360 1945 carmen
1395 1856 1580 1945 Pindari
1620 1859 1847 1977 quoddam
1878 1860 2208 1975 explicandum.

604 2002 1106 2118 Pyrh.x11.‚3.tt).‹
1942 2100 1947 2108 ,
2029 2122 2034 2129 ἢ

720 2145 857 2256 Quod
888 2144 994 2231 haec
1026 2174 1233 2255 agrorum
1267 2145 1559 2252 foecunditas,
1591 2144 2051 2240 auctoritatibns'tam
2086 2146 2209 2233 mnl·

605 2312 753 2380 torum
785 2282 874 2373 fide
916 2284 1272 2396 dignissimorum
1302 2289 1569 2401 scriptorum
1603 2284 1845 2394 affirmata,
1892 2321 1981 2378 uon
2020 2312 2110 2377 tam
2143 2290 2204 2374 sit

604 2428 919 2533 incredibilis,
965 2456 1096 2543 quam
1138 2424 1253 2512 forte
1299 2427 1524 2519 nonnullis
1564 2427 1718 2516 haberi
1761 2432 1918 2546 possit,
1964 2462 2017 2517 ex
2056 2428 2201 2517 subse·

604 2570 843 2688 quentibos
895 2592 1070 2685 praeter
1115 2566 1221 2655 alias
1269 2598 1449 2686 quoque
1498 2570 1739 2658 rationibus
1790 2572 1919 2660 facile
1969 2573 2206 2660 elucescet.

600 2712 769 2828 Nempe
821 2711 990 2797 Plinius
1031 2714 1119 2796 iam
1163 2711 1273 2796 hanc
1312 2712 1359 2795 in
1401 2709 1600 2799 medium
1644 2716 1829 2829 protulit
1876 2718 2208 2832 quaestionem:

605 2884 821 2972 quaenam
859 2883 962 2966 ergo
995 2876 1137 2939 tantae
1171 2853 1382 2939 ubertatis
1418 2884 1546 2940 causa
1587 2858 1707 2943 erati
1750 2857 1933 2974 Ipseque
1974 2856 2211 2970 respondit

604 2996 671 3082 bis
711 2996 877 3084 verbis:
921 2996 1155 3111 »ipsorum
1194 3020 1299 3083 tunc
1335 2995 1536 3083 manibus
1576 2999 1893 3114 imperatorum
1941 2998 2209 3086 colebantur

503 3160 506 3165 ’
604 3140 722 3251 agri,
763 3162 812 3224 ut
851 3139 915 3225 sas
948 3162 1011 3225 est
1042 3138 1255 3259 credere,
1308 3138 1522 3251 gaudente
1553 3164 1675 3226 terra
1709 3170 1887 3228 vomere
1923 3140 2120 3227 laureato
2161 3166 2210 3227 et

604 3278 863 3395 triumphali
902 3304 1100 3388 aratore,
1153 3282 1242 3367 sive
1274 3279 1342 3365 illi
1388 3282 1542 3369 eadem
1587 3312 1692 3368 cura
1726 3283 1895 3369 semina
1939 3282 2204 3388 tractabant,

604 3452 692 3537 qua
721 3422 864 3526 bella,
902 3420 1146 3537 eademque
1180 3421 1412 3534 diligentia
1441 3454 1543 3510 arva
1570 3421 1889 3538 disponebant,
1927 3456 2015 3543 qua
2041 3448 2203 3531 castra,

605 3563 695 3647 sive
729 3564 920 3650 honestis
959 3562 1160 3648 manibus
1195 3565 1345 3647 omnia
1382 3564 1539 3650 laetius
1577 3566 1870 3679 proveniunt,
1913 3568 2120 3685 quoniam
2151 3546 2205 3651 et

603 3706 818 3792 curiosius
854 3702 977 3791 liunt.
1038 3705 1265 3789 Sercntem
1300 3713 1565 3791 invenerunt
1596 3704 1688 3791 dati
1719 3708 1908 3793 bonores
1941 3708 2199 3812 Serranum,

602 3846 1002 3958 undecognomen.
1055 3845 1219 3942 'Aranti
1252 3867 1442 3962 quatuor
1471 3876 1548 3931 sua
1575 3848 1725 3961 iugera
1751 3851 1797 3935 in
1819 3848 2049 3952 Vaticano,
2084 3877 2200 3963 quae

603 3990 757 4075 Praeta
798 3987 1008 4099 Quinctia
1048 3988 1352 4103 appellantur,
1400 3985 1663 4075 Cincinnato
1700 3993 1843 4075 viator
1882 3990 2026 4077 attulit
2062 3988 2202 4075 dicta·

603 4152 785 4239 turam,
829 4151 874 4214 et
919 4127 1136 4246 quidem,
1184 4151 1235 4213 ut
1270 4126 1458 4213 traditur
1477 4157 1502 4235 ,·
1528 4130 1692 4237 ⁴nudo,
1739 4133 1960 4251 plenoque
2003 4135 2199 4251 pulveris

604 4274 845 4389 etiamnum
880 4301 971 4357 ore.
1044 4269 1133 4357 Cui
1173 4272 1341 4375 viator,
1389 4271 1486 4357 vela
1521 4280 1707 4388 corpus,
1760 4277 1929 4394 inquit,
1969 4299 2018 4362 ut
2055 4274 2199 4392 profe-

605 4446 697 4503 ram
735 4438 906 4501 senatus
949 4413 1192 4531 populique
1223 4411 1416 4505 ,Romani
1459 4414 1676 4504 mandata.
1754 4418 1883 4505 Tales
1922 4441 2015 4505 tum
2063 4422 2197 4505 etiam

667 4758 702 4832 ⁴)
723 4758 799 4825 Loc.
821 4760 876 4822 cit.
895 4778 969 4843 pag.
985 4758 1046 4838 317
1069 4764 1101 4819 et
1123 4754 1212 4834 518,
1235 4754 1277 4821 cl.
1299 4752 1337 4823 L.
1358 4752 1388 4823 J.
1409 4754 1615 4819 Moderatum
1637 4756 1874 4841 Columellam,
1904 4758 2037 4849 linguae
2060 4754 2194 4824 danica

594 4932 600 4939 ,
727 4863 882 4926 traditum
902 4886 962 4950 per
979 4868 1010 4936 J.
1030 4861 1299 4940 Precblundium.
1341 4863 1867 4963 narniae,1807.11.peg.814

642 4998 700 5071 ’ἢ
721 4994 769 5063 ld.
790 5014 862 5080 pag.
873 4999 944 5076 401.
