4809 6142
563 555 639 634 738
1163 539 1210 611 Ε.
1278 537 1554 634 Marna,

617 767 666 856 C.
696 790 846 880 repens
874 756 1038 846 Humb.
1074 755 1231 874 Bonpl.
1262 780 1306 845 et
1336 756 1501 843 Konth.
1539 753 1569 840 l.
1594 785 1632 842 c.
1670 786 1764 873 pag.
1785 756 1887 862 405.
1926 759 2051 879 (excl.
2079 791 2155 877 sy·

733 938 835 992 non.
866 904 981 993 Patr.
1011 901 1206 1011 Brown.)
1255 901 1419 989 Kuntb.
1452 901 1554 1016 Syn.
1579 899 1782 1017 llI.·pag.
1805 901 1875 989 56.

620 1052 667 1140 G.
699 1078 850 1166 repens
869 1060 905 1160 β.
937 1045 1088 1133 Roem.
1116 1069 1160 1132 et
1186 1044 1350 1132 Schult.
1381 1043 1411 1129 l.
1433 1075 1471 1130 c.
1503 1074 1598 1159 pag.
1627 1046 1720 1131 186.

678 1195 973 1308 observatio.
1006 1191 1358 1306 Descriptionem
1392 1192 1603 1303 optimam
1635 1185 1760 1277 dedit
1790 1189 1844 1277 cl.
1869 1187 2038 1297 Kontb,
2068 1195 2155 1281 sub

561 1339 878 1456 Coccocypsilo
912 1358 1105 1450 repente.
1165 1332 1344 1447 Optime
1374 1364 1510 1449 porro
1538 1334 1810 1419 Tentaneam
1839 1331 1970 1419 Aubl.
1998 1333 2159 1423 Cocco·

560 1485 722 1601 cypsilo
763 1481 877 1568 Patr.
919 1479 1094 1568 Brown.
1137 1476 1293 1560 iunxit.
1364 1475 1452 1562 Sed
1488 1504 1719 1591 perperam
1755 1475 1932 1586 unicam
1961 1479 2155 1591 speeiem

518 1628 735 1716 ,duobus
761 1620 1016 1708 nominibus
1042 1616 1285 1704 venditasse
1312 1616 1501 1704 videtur.
1560 1619 1626 1704 Ea
1657 1619 1775 1706 enim
1805 1620 1977 1736 planta,
2019 1651 2155 1738 quam

558 1799 642 1885 pro
682 1767 729 1853 0.
756 1780 929 1880 repente
958 1759 1159 1882 (Brown.
1197 1759 1368 1874 iamaic.
1408 1789 1502 1875 pag.
1530 1762 1625 1866 rii.
1665 1761 1755 1848 tab.
1779 1764 1823 1848 6.
1866 1758 1942 1875 fig:
1966 1758 2039 1879 2.)
2076 1764 2155 1851 de.

382 1919 388 1932 '
530 1911 757 2025 scripsit,
803 1905 1062 2022 praesertim
1102 1902 1159 1986 ob
1192 1903 1383 2018 capitula
1413 1904 1541 2016 louge
1578 1901 1899 2018 pedunculata,
1945 1934 2027 1990 nec
2056 1906 2157 1993 sub·

560 2051 742 2158 sessilis,
773 2047 956 2134 minime
984 2070 1048 2133 est
1072 2045 1220 2160 planta
1245 2045 1525 2150 Browniana,
1552 2045 1630 2133 sed
1656 2046 1868 2161 ipsissima
1892 2047 2152 2138 Aubletiana

563 2196 828 2307 (Tentuneo
860 2185 1170 2305 Guionensis),
1204 2209 1254 2272 ut
1281 2219 1333 2272 ex
1361 2189 1621 2303 comparatis
1650 2187 1847 2276 Aubletii
1878 2188 2152 2310 Kuntbiiqne

563 2331 934 2449 descriptionibus
967 2353 1055 2416 tarn
1087 2330 1202 2414 inter
1233 2360 1277 2415 se
1310 2358 1444 2446 quam
1476 2359 1576 2414 cnm
1607 2333 1718 2418 meis
1748 2332 1946 2421 eiusdem
1980 2334 2153 2450 plantae

563 2476 904 2596 speciminibus,
946 2475 1109 2560 certior
1148 2469 1287 2556 factus
1326 2501 1438 2556 sum.
1501 2470 1624 2556 Hanc
1647 2477 1855 2591 sequitur
1886 2473 2006 2591 apud
2030 2474 2155 2562 Kun·

564 2622 718 2708 thium·
748 2619 799 2705 C.
844 2620 1073 2705 Tentonco
1111 2645 1213 2698 cum
1252 2643 1497 2727 synonymo
1535 2613 1800 2704 Aubletiano
1817 2679 1831 2722 ‚
1874 2615 1951 2704 sed
1991 2619 2153 2736 absque

525 2747 527 2752 ,
566 2762 889 2879 descriptione,
930 2783 973 2844 et
1010 2759 1239 2876 utriusque
1285 2755 1513 2868 diagnoses
1551 2759 1725 2845 nullum
1767 2759 1964 2848 offerunt
1999 2760 2158 2877 discri-

563 2894 693 3010 men,
736 2889 821 2988 nisi
858 2899 982 3020 quod
1012 2903 1058 2986 in
1090 2897 1165 2984 illa
1191 2899 1300 2986 iulia
1324 2901 1512 3007 sericea,
1555 2904 1601 2988 in
1628 2903 1709 2990 hac
1737 2904 1903 2990 hirsuta
1932 2902 2156 2993 dicanturl

563 3046 735 3157 Quibus
766 3041 1006 3159 perpensis,
1039 3073 1128 3128 nou
1158 3073 1334 3157 possum
1366 3064 1596 3162 utramque
1628 3044 2036 3163 Kontbiiplantam
2067 3079 2158 3135 nou

564 3218 647 3304 pro
686 3185 840 3274 eadem
879 3184 1057 3272 babere.
1128 3183 1216 3270 Sed
1241 3203 1358 3278 ,vera
1382 3182 1589 3275 Browuei
1627 3185 1775 3301 planta
1805 3187 1860 3276 ab
1901 3190 1981 3278 hac
2010 3213 2159 3278 nostra

494 3311 497 3318 ⁵
563 3327 747 3418 floribus
775 3325 1077 3414 subsessilibus
1109 3325 1295 3444 aliisque
1327 3327 1440 3412 notis
1472 3327 1646 3416 abunde
1677 3329 1847 3420 dissert.

1063 3673 1135 3758 29.
1196 3644 1662 3733 Loaeurnacura.

522 3955 549 4003 s
687 3931 759 4015 7ι.
791 3895 1037 3985 Lorantlzus
1065 3898 1253 4011 spicatas
1280 3897 1404 4016 Jacq.
1437 3927 1573 3986 amer.
1608 3927 1706 4018 pag.
1728 3929 1803 4093 97.
1839 3900 1926 3990 aab:
1950 3903 2026 3993 68.

629 4043 738 4131 Var.
762 4044 800 4144 β.
834 4037 1117 4126 atbrountlzus
1145 4037 1270 4126 mibi.

680 4184 819 4300 Spicis
851 4180 1134 4268 inferioribus
1166 4180 1437 4289 axiliaribus,
1468 4185 1772 4300 superioribus
1801 4217 2051 4276 racemoso·
2058 4219 2158 4276 con·

568 4325 691 4412 sertis
725 4320 926 4436 aphyllis.

684 4466 949 4551 osset-vatio.
1011 4464 1159 4552 Novus
1190 4463 1391 4571 forsitan,
1423 4467 1502 4554 sed
1530 4468 1589 4554 ob
1619 4471 1859 4586 specimina
1890 4467 2156 4584 incompleta

564 4639 654 4694 non
686 4616 768 4695 rite
800 4605 1150 4721 distinguendus.
1215 4605 1253 4690 A
1285 4609 1432 4723 planta
1461 4610 1749 4728 Jacquiniana
1780 4611 1933 4700 differt
1963 4639 2158 4728 praeser-

564 4754 642 4837 tim
674 4751 995 4840 infloresceutia
1025 4753 1161 4864 magis
1189 4759 1446 4866 composita,
1480 4757 1691 4873 venisque
1721 4755 1952 4864 foliorum,
1986 4757 2033 4841 ni
2059 4783 2157 4870 spe·

564 4885 799 4980 ciminibus
851 4894 1068 4981 incautius
1114 4893 1336 4980 exsiccatis
1383 4893 1516 4981 falsus
1560 4927 1688 5001 sum,
1737 4902 1880 4986 minus
1926 4897 2152 5016 expressis.

563 5035 785 5126 Convenit
829 5066 930 5124 cum
969 5036 1047 5123 illa
1087 5034 1300 5126 foliorum
1340 5037 1486 5125 forma
1525 5039 1753 5149 variabili,
1800 5043 1972 5158 saepius
2010 5058 2152 5142 orata,
