4809 6142
584 522 663 602 860
1109 520 1142 591 t.
1192 520 1668 609 Faaott'uauu,

457 804 459 808 .
591 769 693 854 pars
731 760 897 824 serrata
933 729 1098 853 leitil).
1164 734 1303 821 Messe
1342 757 1487 820 autem
1518 732 1658 837 sacta,
1696 762 1814 843 seges
1843 729 1916 818 vel
1956 730 2103 815 statim
2146 728 2194 811 iu

593 880 861 964 nubilarium
894 877 1236 992 congerebatur,
1267 874 1340 961 vel
1364 875 1494 990 spicis
1521 872 1689 960 inclusa
1716 876 1761 957 in
1788 872 1957 958 horreis
1977 870 2048 956 vel
2067 900 2199 955 scro-

592 1020 721 1104 bibus
770 1018 1056 1107 condebatur.
1135 1019 1277 1108 Unius
1326 1020 1460 1103 modo
1507 1017 1797 1131 agriculturae
1848 1034 2197 1129 praeceptorum

592 1161 724 1247 rerba
764 1162 820 1247 ad
853 1161 960 1247 baec
994 1161 1224 1278 probanda
1256 1158 1500 1247 sufficiant:
1545 1159 1670 1244 »Sed
1710 1188 1810 1243 cum
1849 1179 2017 1242 matura
2049 1152 2197 1239 fuerit
2313 1209 2321 1244 ε

591 1334 734 1415 seges,
768 1328 866 1389 aute
892 1336 1026 1421 quam
1054 1328 1272 1390 torreatur
1303 1303 1538 1419 vaporibus
1571 1302 1719 1387 aestivi
1754 1298 1932 1404 sideris,
1975 1298 2198 1415 quisunt

593 1446 817 1529 vastissimi
845 1477 923 1561 per
948 1471 1094 1530 ortum
1123 1443 1375 1551 caniculae,
1409 1446 1613 1531 celeriter
1640 1446 1897 1533 demetetur.
1959 1440 2070 1527 Nam
2097 1439 2198 1525 dis-

589 1589 800 1702 pendiosa
840 1613 905 1673 est
945 1590 1192 1693 cunctatio,
1235 1588 1455 1701 primum,
1496 1584 1618 1703 quod
1649 1584 1799 1669 avibus
1834 1580 2040 1699 praedam
2075 1604 2197 1666 cete-

594 1733 739 1846 risque
767 1730 1029 1815 animalibus
1056 1730 1262 1844 praehet;
1305 1727 1495 1831 deiude,
1528 1726 1652 1844 quod
1679 1757 1835 1839 grana,
1877 1749 1920 1809 et
1945 1729 2061 1837 ipsae
2093 1724 2195 1836 spi·

595 1903 694 1977 cae,
739 1876 894 1957 culmis
928 1878 1149 1960 arentibus
1188 1899 1234 1959 et
1274 1874 1414 1957 aristis
1450 1870 1653 1957 celeriter
1690 1868 1916 1956 decidunt.
1991 1866 2036 1951 Si
2078 1896 2192 1951 vero

594 2014 815 2125 procellae
852 2037 1081 2098 ventorum
1126 2037 1200 2099 aut
1239 2014 1438 2100 turbines
1482 2016 1760 2118 incesserint,
1814 2014 1952 2097 maior
1987 2040 2090 2126 pars
2132 2010 2191 2095 ad

596 2178 757 2241 terram
800 2153 980 2261 deflui13
1025 2161 1350 2273 propte'rquae
1382 2158 1659 2243 recrastinari
1691 2187 1778 2241 nou
1811 2154 1966 2258 debet,
2009 2151 2091 2239 sed
2119 2182 2191 2239 ae·

592 2294 784 2413 qualiter
823 2296 1084 2384 flaventibus
1123 2298 1210 2379 iam
1241 2299 1369 2401 satis,
1417 2322 1513 2381 ante
1557 2328 1689 2413 quam
1731 2326 1784 2379 ert
1815 2320 1905 2381 toto
1943 2318 2081 2409 grano
2116 2296 2183 2378 iu·

596 2437 854 2542 durescant,
888 2468 987 2523 cum
1021 2435 1317 2522 rubicundum
1348 2441 1542 2523 colorem
1576 2462 1816 2545 traxerunt,
1849 2440 1995 2525 messis
2025 2437 2191 2523 sacien-

596 2578 651 2664 da
683 2605 771 2681 est,
813 2603 861 2664 ut
890 2581 1034 2691 potius
1063 2581 1109 2664 in
1142 2610 1240 2665 area
1268 2602 1309 2664 et
1337 2580 1378 2662 iu
1413 2611 1594 2686 acervo,
1636 2612 1769 2698 quam
1800 2582 1844 2664 iu
1872 2610 1973 2691 agro
2000 2577 2192 2690 grande·

594 2747 715 2807 scant
746 2721 977 2806 frumenta.
1039 2720 1222 2808 Constat
1252 2723 1396 2825 euim,
1429 2723 1464 2805 si
1496 2726 1751 2836 tempestive
1783 2722 1928 2807 decisa
1956 2721 2068 2826 siut,
2105 2750 2195 2835 po·

595 2891 684 2952 stea
726 2896 880 2979 capere
916 2871 1249 2949 incrementum.
1322 2864 1431 2949 Sunt
1465 2887 1610 2951 autem
1650 2864 1843 2950 metendi
1882 2894 2040 2974 genera
2071 2894 2196 2947 com-

595 3006 761 3122 plurat·
785 3005 912 3090 multi
944 3004 1130 3089 falcibus
1162 3004 1456 3109 veruculatis,
1497 3028 1626 3123 atque
1659 3007 1709 3089 iis
1746 3004 1815 3092 vel
1853 3006 2072 3109 rostratis,
2118 3006 2197 3091 vol

598 3148 898 3251 denticulatis,
941 3148 1138 3232 medium
1177 3148 1373 3232 culmum
1404 3170 1570 3231 secant:
1614 3146 1741 3232 multi
1776 3146 1962 3257 mergis,
2004 3146 2080 3230 alii
2113 3177 2199 3261 pe-

598 3291 788 3376 ctinibus
833 3292 995 3403 spicam
1042 3292 1176 3402 ipsam
1223 3290 1396 3401 legunt,
1446 3290 1581 3405 idque
1630 3293 1672 3373 iu
1717 3319 1813 3374 rara
1849 3313 1988 3401 segete
2031 3288 2203 3374 facilli·

598 3463 746 3533 mum,
779 3434 823 3513 in
857 3432 987 3515 densa
1020 3428 1336 3513 difficillimum
1365 3452 1440 3513 est.
1500 3430 1636 3539 Quod
1668 3431 1702 3512 si
1731 3428 1914 3515 falcibus
1940 3460 2056 3541 seges
2083 3458 2197 3515 cum

596 3596 719 3687 parte
752 3570 886 3653 culmi
918 3570 1112 3655 demessa
1141 3572 1220 3671 sit,
1253 3572 1451 3683 protinus
1483 3572 1526 3651 in
1560 3599 1793 3673 acervum,
1833 3570 1903 3655 vel
1938 3580 1980 3654 iu
2013 3570 2200 3656 nubila-

599 3714 713 3797 rium
747 3709 1021 3820 congeritur,
1053 3734 1098 3794 et
1126 3708 1312 3795 subinde
1345 3714 1602 3825 opportunis
1628 3712 1793 3798 solibus
1821 3712 2052 3797 torrefacta
2081 3742 2197 3829 pro·

474 3968 480 3977 Ι
575 3855 767 3941 teritur.
830 3852 904 3935 Sin
941 3876 1086 3936 autem
1126 3854 1270 3967 spicae
1309 3852 1613 3939 tautummodo
1647 3856 1808 3940 recisae
1840 3877 1962 3959 suut,
2006 3881 2227 3969 possunt-

580 3991 641 4080 ‘iu
677 3997 881 4088 horreum
916 3994 1133 4100 conferri,
1165 4018 1210 4081 et
1240 3993 1400 4081 deiude
1433 4028 1511 4110 per
1537 3996 1725 4083 hiemem
1751 3996 1819 4082 rel
1847 3994 2012 4081 baculis
2038 4000 2193 4084 excuti

594 4137 665 4227 vel
694 4138 830 4225 exteri
862 4135 1119 4251 pecudibus.

714 4280 837 4365 Atei
870 4279 1104 4393 competit,
1144 4304 1192 4367 ut
1222 4281 1269 4367 iu
1297 4312 1395 4368 area
1426 4304 1589 4368 teratur
1621 4282 1888 4368 frumentum
1905 4346 1919 4389 ,
1961 4281 2073 4367 nihil
2105 4282 2195 4367 dn.

598 4424 718 4508 bium
748 4445 840 4526 est,
881 4421 1147 4539 quinequis
1181 4422 1364 4529 melius,
1410 4456 1539 4541 quam
1576 4423 1746 4529 bubus,
1791 4456 1839 4509 ea
1881 4456 1947 4510 res
1978 4420 2194 4507 coniicia-

598 4584 693 4665 tur,
731 4586 774 4648 et
804 4561 840 4647 si
875 4592 1012 4678 pauca
1044 4564 1141 4675 iuga
1175 4588 1302 4672 suut,
1351 4562 1544 4650 adiicere
1577 4564 1784 4648 tribulam
1817 4587 1860 4650 et
1892 4564 2069 4647 trabam·
2089 4592 2194 4675 pos·

595 4700 677 4809 sis;
710 4734 821 4818 quae
859 4734 924 4787 res
956 4725 1140 4819 utraque
1175 4705 1346 4796 culmos
1374 4706 1585 4794 facillime
1623 4704 1894 4789 comminuit.
1956 4704 2077 4819 Ipsae
2110 4734 2194 4787 au·

600 4888 906 4909 Μ

639 4980 671 5053 *t
692 4976 767 5045 rra.
786 4979 860 5049 cot.
872 4980 934 5063 tt,
962 5001 1032 5066 η,
1051 4985 1082 5049 a.
