4809 6142
800 572 961 687 Plautus
994 571 1293 643 Sarinnmerrses.
1727 668 1732 677 k
1764 569 1840 645 809

306 791 367 877 D.
412 785 716 901 micropbyllus
744 784 870 873 >mibi
915 787 962 871 in
1003 785 1274 898 Sternbeng.»
1299 784 1514 901 reliquiae
1554 781 1840 869 Haenlreanae

424 953 576 1043 mscpt.
1490 938 1496 946 '

367 1073 438 1183 96.
470 1069 677 1156 Dolichos
700 1067 939 1185 regularis?
967 1070 1099 1162 Linn.
1281 1157 1289 1172 ,

368 1212 616 1318 Volubilis,
663 1211 880 1314 hirsutus,
919 1211 1084 1299 foliolis
1126 1209 1614 1312 rhomboideo·otratis,
1662 1206 1845 1291 racemis

253 1355 363 1440 folio
395 1351 694 1464 longioribus,
727 1352 1022 1463 leguminibus
1048 1350 1313 1438 subternatis
1340 1348 1594 1435 nutantibus
1626 1345 1850 1433 undulatis
1960 1373 1965 1379 ·

250 1496 416 1581 obtusis
447 1493 583 1578 hirtis.
1357 1472 1365 1481 ⁶

309 1639 370 1723 D.
402 1636 642 1752 regularis?
671 1635 800 1722 Linn.
830 1667 893 1752 sp.
926 1636 987 1751 pl.
1017 1638 1113 1750 pag,
1143 1668 1265 1723 1022.

313 1780 421 1866 Var.
445 1807 484 1861 α.
515 1777 699 1873 Foliolis
729 1778 1099 1864 sericeo-villosis
1140 1781 1289 1864 acutis.

315 1921 421 2005 Var.
449 1920 484 2019 β.
512 1918 702 2016 foliolis
734 1918 926 2022 hirsutis,
960 1919 1213 2007 lateralibus
1245 1919 1425 2023 obtusis,
1460 1912 1725 2001 intermedio
1749 1911 1849 1999 sub·

428 2061 625 2172 elliptico
667 2083 807 2146 acuto.
1281 2076 1288 2081 “

370 2200 482 2285 Tota
509 2200 657 2311 planta
688 2199 1091 2302 hebolo-hirsuta,
1133 2200 1238 2312 pilis
1267 2200 1502 2304 mollibus,
1550 2200 1597 2282 in
1628 2195 1750 2281 caule
1785 2226 1848 2280 re·

255 2342 436 2442 morsis,
471 2341 515 2421 in
542 2338 709 2452 petiolo
739 2339 1011 2452 patentibus,
1045 2342 1091 2423 in
1123 2369 1297 2425 racemo
1330 2340 1641 2454 calycibusque
1674 2336 1847 2438 erectis,

256 2486 301 2566 in
322 2479 492 2590 ⁵foliolis
524 2489 748 2593 appressis.
794 2482 921 2566 Folia
950 2479 1129 2565 Dolichi
1161 2480 1358 2585 Lablab,
1389 2479 1467 2563 sed
1499 2479 1707 2593 utrinque
1738 2504 1850 2561 sem·

254 2650 334 2733 per
359 2620 457 2733 plus
484 2620 682 2704 minusve
714 2617 904 2722 hirsuta,
937 2642 981 2705 et
1012 2618 1162 2736 quoad
1188 2599 1321 2734 apicis
1347 2620 1535 2705 formam
1561 2617 1690 2703 valde
1717 2617 1850 2702 varia.

255 2761 432 2847 Racemi
458 2760 657 2847 axillares
682 2763 846 2866 stricti,
877 2761 958 2848 sub
983 2761 1150 2847 antbesi
1177 2760 1452 2872 longitudine
1476 2760 1708 2860 foliorum,
1742 2756 1853 2875 quin

115 2968 121 2978 .
255 2904 387 2985 etiam
415 2929 573 3013 parum
596 2900 841 3005 breviores,
873 2899 1057 2988 floribus
1082 2901 1404 3007 subsessilibus,
1440 2904 1563 3018 apice
1595 2890 1852 2987 densissime

254 3040 455 3153 spicatis,
497 3040 668 3127 inferne
697 3043 901 3150 remotis;
941 3066 1039 3157 post
1065 3020 1263 3130 antbesin
1297 3044 1434 3159 duplo
1461 3043 1647 3158 triplove
1679 3041 1848 3151 longio-

229 3211 338 3299 res.
397 3180 536 3293 Calyx
561 3182 988 3301 subquinquefidus,
1022 3185 1184 3272 lacinia
1212 3185 1370 3298 impari
1398 3168 1553 3297 parum
1580 3182 1778 3292 longiore
1808 3200 1854 3263 et
1958 3262 1962 3265 .

257 3322 518 3432 angustiore.
579 3323 724 3409 Petala
756 3327 991 3438 parva,'in
1023 3326 1149 3409 siccis
1177 3326 1402 3430 rubentia,
1442 3323 1717 3435 longitudine
1753 3320 1852 3405 sub-

213 3528 216 3535 .
256 3462 471 3575 aequalia.
531 3437 882 3551 Vexillum'basi
919 3467 1209 3571 bicallosum,
1252 3468 1399 3550 carina
1438 3486 1594 3549 erecta.
1658 3462 1853 3545 Stamina

257 3602 406 3684 carina
433 3601 665 3705 breviora,
697 3604 784 3687 nisi
813 3606 1128 3718 speciminibus
1155 3607 1371 3691 incautius
1396 3604 1619 3691 exsiccatis
1646 3601 1852 3715 deceptus
1943 3716 1944 3724 Ν
1986 3636 1988 3639 ·

253 3768 353 3824 sum
367 3800 382 3843 ‚
431 3742 596 3825 alterna
633 3741 858 3846 abortiva,
893 3768 959 3827 -ut
989 3748 1036 3827 in
1073 3747 1310 3831 Teramno.
1381 3745 1623 3855 Legumina
1659 3742 1852 3855 plurima

258 3903 414 3979 terna,
461 3876 614 3963 infima
638 3882 828 3967 subinde
854 3907 1093 3998 quaterna,
1137 3912 1341 3996 suprema
1373 3884 1593 4001 solitaria,
1636 3880 1851 3981 nutantia,

259 4019 308 4101 in
345 4018 454 4101 meis
490 4020 803 4130 speciminibus
843 4048 999 4137 parum
1032 4046 1132 4109 aute
1171 4024 1467 4107 maturitatem
1512 4022 1561 4108 15
1584 4071 1603 4090 -
1630 4025 1681 4107 16
1716 4022 1854 4105 lineas

259 4157 416 4267 longa,
456 4157 566 4242 duas
598 4160 710 4264 lata,
751 4159 956 4268 linearia,
999 4165 1273 4277 compressa,
1314 4164 1584 4275 marginibus
1621 4161 1850 4262 undulata,

259 4326 417 4409 parum
448 4323 651 4405 curvata,
683 4300 846 4389 basiet
876 4306 997 4417 apice
1025 4303 1204 4407 obtusa,
1247 4328 1528 4409 mucronata,
1571 4304 1671 4418 pilis
1698 4298 1854 4412 rigidis

258 4438 417 4549 patulis
443 4438 589 4543 birra,
623 4439 816 4527 sednon
847 4448 1048 4549 urentia,
1082 4445 1486 4558 sub-octosperma.
1516 4494 1576 4511 -
1636 4445 1686 4527 In
1716 4442 1853 4527 varie·
1961 4484 1963 4487 ·

262 4598 347 4661 tate
377 4581 415 4680 β.
444 4579 611 4663 nnllam
638 4580 936 4669 differentiam
961 4610 1136 4699 praeter
1167 4586 1377 4672 indicatas
1405 4588 1596 4673 invenio.
1699 4666 1702 4673 ,

382 4716 648 4823 observatio.
723 4720 924 4810 Eandem
954 4726 1164 4837 stirpem,
1216 4724 1384 4809 foliolis
1419 4722 1569 4839 paullo
1611 4723 1853 4809 accuratius

261 4855 589 4963 rhomboideis,
632 4860 710 4945 sed
745 4864 894 4978 quoad
927 4862 1183 4950 foliulorum
1216 4863 1445 4950 birsutiem
1462 4867 1590 4951 inter
1625 4830 1879 4952 varietates!

249 5020 430 5087 nostras
460 5026 497 5081 α.
528 5022 574 5086 et
601 4995 639 5095 β.
670 5001 763 5090 lere
798 5002 1133 5109 intermediam,
1175 5005 1221 5089 in
1258 5033 1392 5117 regno
1422 5004 1651 5091 Mexicano
1681 5004 1851 5119 saepius
