4809 6142
604 584 681 660 852
1122 576 1151 643 J.
1202 566 1672 692 Fanlcttns'ttn,

600 797 767 909 Argos,
811 791 934 910 quod
966 789 1087 877 idem
1117 812 1247 905 poeta
1287 805 1500 901 πολύπυρον
1529 788 1714 874 vocati«
1760 786 1818 875 ita
1848 784 2014 870 scribit.
2076 785 2201 895 Quin

579 964 642 1049 ⁸et
673 936 853 1023 Catonis
885 963 992 1021 aevo
1026 931 1225 1019 scribens
1258 932 1312 1020 de
1344 931 1570 1021 fertilitate
1613 953 1657 1017 et
1689 932 1814 1043 eopia
1847 927 2022 1015 Galliae
2061 927 2204 1015 Cisal·

599 1082 728 1195 pinae
758 1076 993 1189 Polybius,
1037 1076 1153 1163 libro
1191 1076 1292 1161 hist.
1327 1076 1429 1179 11⁶0,
1473 1075 1561 1159 suis
1603 1080 1735 1167 etiam
1772 1071 2068 1186 temporibus,
2111 1074 2198 1174 ait,

598 1219 873 1307 medimnum
912 1219 1126 1306 frumenti
1158 1219 1347 1304 sicul-um
1389 1240 1579 1333 quatuor
1610 1216 1752 1303 obolis
1783 1208 1997 1320 veniisse,
2038 1213 2196 1300 bordei

599 1362 786 1449 duobus.
819 1412 824 1417 ·
859 1362 974 1449 Huic
1007 1363 1222 1473 ‘congruit
1258 1359 1309 1446 C.
1347 1359 1541 1464 Plinius,
1584 1360 1663 1475 qui
1704 1353 1886 1442 laudans
1930 1386 2074 1441 mores
2117 1386 2198 1469 pn·

598 1506 694 1620 puli
724 1504 910 1589 Romani
943 1504 1214 1616 temporibus
1245 1501 1583 1619 antiquissimis,
1616 1500 1676 1585 ita
1701 1499 1919 1616 loquitur:
1954 1498 2107 1611 »Ergo
2143 1501 2194 1585 iis

597 1645 796 1733 moribus
826 1678 916 1731 non
942 1643 1077 1733 modo
1102 1641 1383 1731 sufficiebant
1409 1642 1582 1755 fruges,
1614 1642 1737 1729 nulla
1765 1643 2095 1757 provinciarum
2120 1670 2194 1757 pa·

573 1811 743 1875 scente
775 1788 968 1892 Italiam,
1007 1817 1163 1873 verum
1202 1789 1335 1872 etiam
1376 1818 1575 1875 annonae
1606 1786 1749 1875 vitius
1781 1786 2058 1873 incredibilis
2089 1810 2191 1872 erat

596 1932 770 2016 Manius
802 1930 1017 2035 Marcius,
1047 1928 1202 2015 aedilis
1234 1928 1391 2045 plebis,
1423 1930 1618 2045 primum
1649 1928 1922 2013 frumentum
1952 1928 2117 2044 populo
2147 1930 2192 2015 in

598 2071 773 2158 modios
804 2070 969 2156 assibus
1001 2069 1193 2156 donavit.
1254 2073 1305 2156 L.
1332 2071 1555 2158 Minucius
1585 2070 1864 2183 Augurinus,
1897 2072 1977 2187 qui
2007 2072 2080 2185 Sp.
2107 2070 2192 2155 Me·

598 2217 710 2301 lium
751 2237 1033 2327 coarguerat,
1072 2214 1204 2299 farris
1240 2217 1434 2329 pretium
1470 2214 1518 2297 iu
1558 2206 1683 2299 trinis
1721 2212 1931 2297 nundinis
1971 2210 2028 2297 ad
2059 2240 2189 2299 assem

598 2358 771 2471 redegit
800 2356 1064 2443 undecimus
1093 2355 1241 2469 plebei
1271 2355 1490 2475 tribunus,
1524 2352 1692 2471 quade
1725 2383 1851 2438 cansa
1882 2375 2021 2440 statua
2051 2362 2091 2439 ei
2120 2386 2188 2440 es·

598 2526 665 2587 tra
715 2523 888 2616 portam
935 2497 1237 2609 Trigeminam
1289 2530 1313 2583 ιι
1359 2498 1527 2613 populo
1576 2498 1684 2610 stipe
1732 2496 1890 2582 collata
1928 2519 2085 2583 statuta
2116 2521 2187 2582 est.

592 2641 789 2748 Trebius
821 2650 866 2725 in
899 2640 1124 2728 aedilitate
1142 2638 1306 2725 assibus
1326 2640 1494 2755 populo
1515 2640 1785 2726 frumentum
1806 2641 2037 2755 praestitit,
2061 2668 2190 2759 qnam

598 2785 655 2871 ob
697 2812 869 2869 causam
901 2806 945 2867 et
986 2783 1029 2867 ei
1059 2804 1223 2869 statuae
1256 2783 1302 2866 in
1335 2782 1559 2898 Capitolio
1591 2806 1635 2869 et
1674 2782 1840 2872 Palatio
1866 2782 2042 2870 dicatae
2072 2807 2188 2872 sunt:

599 2935 691 3044 ipse
722 2955 928 3042 supremo
960 2922 1034 3011 die
1065 2925 1221 3040 populi
1253 2923 1446 3013 humeris
1476 2950 1673 3042 portatus
1704 2929 1935 3039 inrogum
1966 2950 2043 3012 est.
2102 2926 2193 3011 Ve-

578 3081 700 3157 ¹rum
731 3096 821 3186 quo
852 3097 966 3153 anno
998 3068 1139 3153 Mater
1169 3068 1313 3154 Deum
1334 3054 1524 3156 ‘advecta
1554 3071 1738 3157 Romam
1769 3092 1855 3174 est,
1898 3069 2110 3154 maiorem
2138 3100 2194 3153 ea

600 3233 755 3299 aestate
803 3240 1010 3316 messem,
1063 3240 1197 3327 quam
1245 3211 1603 3299 antecedentibus
1643 3213 1774 3331 annis
1805 3208 1985 3316 decem,
2032 3210 2193 3297 factam

591 3383 688 3439 -esse
715 3349 908 3439 tradunt
968 3351 1030 3438 Μ.
1051 3351 1193 3439 Varro
1226 3376 1378 3437 auctor
1410 3378 1488 3459 est,
1523 3385 1623 3440 cum
1653 3352 1936 3440 LsMe'tellns.
1960 3354 2006 3437 in
2037 3354 2193 3438 trium·

598 3493 688 3609 pho
716 3493 932 3607 plurimos
971 3494 1097 3605 duxit
1126 3492 1405 3607 elephantos,
1448 3498 1617 3583 assibus
1647 3495 1829 3608 singulis
1859 3492 1988 3581 farris
2020 3494 2192 3581 modios

597 3630 836 3747 suissed«
889 3633 931 3719 I.
955 3634 1006 3721 C.
1028 3638 1077 3722 12.
1117 3636 1347 3740 Simonde,
1386 3639 1482 3722 aevi
1513 3640 1651 3724 nostri
1677 3661 1852 3743 auctor,
1894 3638 2089 3757 quisuis
2123 3642 2193 3750 ip·

598 3776 688 3859 sius
722 3774 862 3863 oculis
898 3806 1081 3864 messem
1118 3780 1164 3861 in
1195 3776 1321 3861 Italia
1357 3776 1560 3882 viderat,
1593 3777 1649 3861 de
1681 3775 1908 3863 fertilitate
1946 3776 2072 3863 buius
2108 3803 2195 3865 ter-

599 3948 673 4004 rae
720 3916 963 4031 posteritati
1008 3917 1337 4033 pronunciavit:
1385 3920 1674 4031 »campestria
1686 3979 1700 4022 ,
1750 3950 1861 4034 quae
1902 3918 2191 4007 inundatione

598 4059 810 4145 imbrium
844 4088 894 4145 ac
930 4058 1320 4177 fluminumquasi
1358 4058 1465 4145 limo
1502 4058 1697 4178 quodam
1733 4058 1925 4149 obducta
1958 4086 2001 4149 et
2032 4086 2193 4149 sterco.

500 4254 537 4309 .·
598 4224 691 4289 rata
736 4200 928 4308 fuerint,
974 4226 1063 4288 tam
1100 4199 1324 4287 'foecunda
1355 4230 1469 4306 esse,
1510 4224 1560 4287 nt
1592 4204 1758 4296 semina
1803 4204 1890 4290 illis
1934 4204 2193 4292 concredita

599 4373 700 4429 cum
740 4348 986 4430 centesimo·
1010 4367 1054 4429 et
1086 4344 1295 4427 vicesimo
1329 4342 1485 4458 quinto
1518 4340 1695 4429 faenore
1723 4343 1907 4433 redeant
1925 4344 2039 4465 *ἢκ
2079 4348 2191 4464 Epi-

598 4514 753 4600 scopus
795 4510 970 4592 noster,
1018 4483 1331 4572 celeberrimus
1381 4485 1633 4573 Fridericus
1680 4487 1890 4597 Mlinter,
1937 4493 2016 4609 qui
2063 4495 2190 4577 annis

597 4627 987 4718 MDCCLXXXV
1025 4654 1068 4767 et
1110 4624 1520 4715 MDCCLXXXVI
1556 4631 1638 4714 iter
1669 4628 1734 4737 bis
1766 4630 1812 4714 in
1845 4631 2096 4743 regionibus
2124 4632 2191 4719 fe·

659 4958 689 5035 *l
710 4957 795 5019 Plin.
814 4956 889 5023 hist.
912 4967 977 5023 nat.
998 4954 1129 5019 XVIII.
1151 4958 1262 5040 cap.5.
1288 4966 1291 4974 '

644 5064 693 5141 “l
716 5062 854 5125 Tatteau
872 5066 913 5127 de
933 5064 1155 5145 l'agriculture
1175 5064 1316 5127 Tuscane
1331 5064 1437 5148 paral.
1457 5063 1494 5133 0.
1511 5065 1549 5133 L.
1567 5064 1734 5134 St‘mondc.
1778 5066 1901 5133 Genese
1922 5070 2010 5137 1801.
2036 5073 2061 5153 ς.
2081 5092 2128 5135 ιι.
2164 5056 2171 5066 ’
