4809 6142
545 555 617 631 792
1148 538 1195 610 E.
1260 533 1535 627 Manca,

547 764 747 885 quamvis
775 792 862 846 non
889 753 1439 874 pellucido-glandulosa,
1476 751 1670 867 plantam
1697 746 1963 873 Myrtineam
1998 752 2143 866 potius

546 940 680 1027 quam
712 904 1040 989 Melastomeam
1077 898 1291 987 indicant.
1362 894 1450 981 Sed
1487 892 1719 998 antherae,
1762 922 1952 1010 quarum
1993 892 2142 983 thecae

547 1052 668 1166 apice
706 1046 963 1151 dehiscunt,
1008 1030 1284 1163 quarumque
1318 1038 1603 1127 commissura
1641 1034 1698 1122 ad
1728 1036 1852 1121 basin
1889 1038 1935 1121 in
1968 1066 2141 1152 proces·

546 1220 642 1275 sum
679 1213 976 1275 retroversum
1008 1184 1382 1299 vaginaeformem
1422 1179 1644 1284 decurrit,
1692 1178 2020 1265 Melastomeam
2051 1210 2143 1269 esse

546 1329 745 1417 suadent.
806 1330 979 1417 Thecae
1013 1327 1294 1416 antherarum
1329 1325 1423 1412 basi
1455 1354 1612 1440 parum
1638 1324 1830 1429 solutae,
1872 1332 1995 1439 apice
2024 1348 2141 1411 arcto

548 1477 720 1561 iunctae
749 1496 794 1561 et
819 1473 1027 1578 reflexae,
1059 1496 1246 1589 utraque
1278 1467 1660 1584 longitudinaliter
1689 1465 1961 1573 biloenlaris‚
1993 1465 2055 1551 ita
2080 1488 2144 1554 ta·

452 1628 460 1644 '
548 1649 673 1724 men,
707 1641 756 1702 ut
781 1617 1074 1704 loculamenta
1099 1616 1317 1702 exteriora
1339 1616 1383 1699 in
1406 1614 1575 1728 apicem
1598 1639 1830 1696 recurvum
1853 1608 1998 1693 minus
2020 1607 2142 1694 elon·

550 1753 720 1869 gentur.
783 1758 919 1872 Apice
948 1756 1589 1845 dehiscuntMelastomearum
1616 1786 1764 1856 more,
1812 1785 1901 1838 non
1928 1783 2063 1860 vero,
2095 1777 2145 1839 ut
2232 1804 2234 1809 .

504 1876 508 1883 ⁵
549 1903 747 2018 reliquae
769 1900 879 1986 mihi
904 1925 1049 2005 notae,
1078 1930 1157 2014 per
1184 1930 1332 2015 poros,
1365 1901 1442 1986 se'd
1468 1932 1547 2016 per
1574 1903 1705 1985 rimas
1732 1895 1839 1982 dnas
1866 1894 2046 2012 oblique
2078 1926 2143 1982 se·

551 2045 790 2130 miluuares
816 2074 939 2129 secus
966 2045 1191 2129 thecas-um
1221 2043 1556 2157 dissepimenta,
1603 2066 1690 2157 qna
1725 2067 1771 2122 re
1808 2036 1969 2121 iterum
1996 2030 2143 2121 affini·

552 2210 614 2271 tas
642 2188 791 2303 aliqua
819 2217 919 2271 curn
947 2186 1177 2297 Myrtineis
1207 2187 1546 2271 demonstratur.

669 2330 739 2414 82.
769 2326 1034 2414 Melattoma
1060 2333 1272 2441 spicatum
1297 2327 1427 2412 Anbl.

666 2469 804 2556 Foliis
850 2469 1292 2556 ovato-subcordatis
1318 2440 1720 2588 ’quintuplinerviis
1753 2464 2145 2581 bullato-papilla*

549 2615 603 2699 tis
628 2610 862 2726 hispidulis
888 2612 1037 2699 subtus
1064 2612 1334 2718 tomentosis,
1368 2615 1550 2699 racemis
1577 2610 1830 2699 axillarihus
1857 2610 2049 2713 alternis,
2078 2638 2145 2694 ca·

552 2754 648 2866 lyce
675 2752 1055 2879 quinquedentato
1099 2754 1303 2840 dentibus
1342 2759 1506 2857 acutis,
1539 2756 1694 2872 petalis
1721 2749 2070 2841 suborbicutaris.

564 2934 568 2941 ·
608 2894 678 2980 M.
710 2899 876 3008 spicata
907 2895 1041 2981 Auhl.
1068 2895 1214 3009 guian.
1237 2896 1268 2981 l.
1301 2926 1399 3012 pag.
1422 2897 1525 3001 423.
1555 2899 1643 2983 tab.
1671 2895 1767 2981 165.
1820 2892 2144 2981 Desrousseaux

730 3039 776 3120 in
801 3037 929 3121 Lam.
958 3037 1129 3151 encycl.
1153 3039 1228 3125 lv.
1262 3070 1361 3154 pag.
1386 3041 1457 3124 31.

672 3176 798 3262 Rami
834 3156 1133 3284 teretiusculi,
1184 3179 1354 3267 inferne
1390 3178 1726 3290 subtetragoni,
1758 3177 1862 3294 pilis
1897 3174 2144 3293 patentibus

550 3321 753 3407 flexuosis
781 3320 1099 3407 rufescentibus
1125 3321 1296 3409 hirsuti.
1361 3323 1486 3409 Folia
1518 3344 1643 3407 ovata
1670 3320 1740 3407 vel
1766 3320 2141 3434 elliptico·ovata‚

551 3490 639 3551 tres
666 3462 844 3547 circiter
871 3461 1055 3577 pollices
1081 3461 1236 3577 longa,
1279 3464 1389 3551 duos
1427 3466 1537 3571 lata,
1580 3462 1705 3548 brevi
1747 3463 2020 3567 acuminata,
2052 3460 2145 3548 basi

554 3604 792 3691 rotundato
815 3583 888 3689 ‘vel
914 3635 1071 3718 parum
1098 3604 1304 3712 cordata,
1339 3606 1654 3719 irregulariter
1687 3602 1931 3709 serrulam,
1977 3602 2141 3710 ciliata,

553 3748 958 3866 quintuplinervia,
992 3749 1137 3835 nervis
1165 3776 1321 3862 parum
1353 3779 1485 3864 supra
1517 3750 1641 3836 basin
1674 3748 1773 3834 folii
1799 3779 1850 3833 ex
1870 3745 2029 3837 eodem
2050 3744 2143 3832 fere

551 3916 715 4006 puncto
745 3892 879 3997 ortis,
924 3891 1083 4009 quihus
1114 3872 1330 3978 accedunt
1359 3895 1484 3982 nervi
1518 3894 1779 4005 marginales
1810 3922 1937 4005 saepe
1971 3892 2044 3978 vix
2081 3886 2147 3975 di-

551 4033 741 4120 midium
771 4034 929 4127 solium
957 4056 1288 4150 percurrentes,
1336 4064 1461 4150 saepe
1498 4034 1591 4122 fere
1623 4036 1703 4120 toti
1734 4033 1936 4119 obsoleti.
1998 4034 2145 4120 Venae

554 4177 792 4290 primariae
841 4206 963 4259 more
1004 4177 1173 4287 generis
1210 4197 1506 4284 transversae,
1552 4177 1813 4293 parallelae,
1863 4174 2150 4264 secundariae

560 4316 706 4401 adhuc
744 4316 845 4400 satis
880 4317 1165 4429 conspicuae,
1208 4320 1351 4405 nervis
1367 4320 1643 4435 parallelae,
1677 4350 1865 4438 quarum
1899 4319 2071 4407 areolae
2099 4319 2148 4402 in

554 4490 705 4565 aversa
730 4457 886 4574 pagina
914 4482 1112 4574 cryptas,
1145 4457 1189 4542 in
1219 4458 1397 4545 adversa
1418 4461 1600 4577 papillas
1625 4463 1919 4567 constituunt,
1949 4460 2147 4546 desinen-

554 4627 616 4689 tes
649 4584 870 4716 in'pilum
900 4601 1121 4713 singulum
1157 4601 1396 4717 hispidum.
1457 4602 1616 4691 Suhtus
1644 4603 1751 4690 folia
1785 4628 2053 4707 tomentosa,
2087 4602 2150 4687 in-

556 4750 749 4830 teriectis
789 4743 890 4858 pilis
931 4742 1204 4855 longioribus
1245 4738 1499 4863 hispidnlis.
1566 4746 1727 4832 Petioli
1777 4754 1863 4832 tres
1906 4770 2150 4863 quatuorve

555 4888 691 4975 lineas
726 4886 875 4999 longi,
921 4882 1051 4970 valde
1092 4885 1264 4973 hirsuti.
1332 4887 1510 4974 Racemi
1547 4888 1767 4993 axillares,
1813 4889 1998 4992 alterni,
2048 4915 2148 4972 raro

557 5029 794 5117 dimidium
831 5027 989 5114 folium
1025 5027 1308 5135 excedentes,
1360 5060 1487 5148 saepe
1526 5021 1775 5148 simplices,
1822 5032 1961 5118 rarius
1999 5056 2151 5118 versus
