4809 6142
560 581 639 662 rot
1171 571 1219 652 E.
1280 573 1563 668 Merite,
1634 654 1640 685 ,Β

533 776 609 888 Ἰ..
651 791 887 883 frondibus
925 789 1200 881 sterilibus
1186 797 1509 910 integerrimis,
1551 790 1654 881 aP‘.
1683 806 1884 908 serpente
1922 789 2084 883 Swartz
2116 821 2165 884 et

557 934 893 1024 vacciniaefolio
933 934 1161 1050 Langsd.
1170 961 1214 1024 et
1256 938 1401 1023 Fisch.
1442 934 1678 1023 frondibus
1724 934 1965 1023 maioribus
2005 909 2169 1049 hirtis3

558 1082 762 1200 quamvis
794 1078 993 1176 enimin
1025 1104 1173 1168 nostro
1206 1083 1337 1170 etiam
1369 1080 1554 1168 frondes
1585 1078 1876 1166 nudiusculae
1908 1107 2159 1193 occurrant,

550 1226 752 1332 minores
795 1248 940 1312 tamen
965 1231 1032 1312 'et
1070 1227 1350 1324 rotundiores
1390 1256 1495 1341 prae
1540 1223 1723 1343 reliquis
1768 1221 1908 1309 hirtae
1953 1254 2044 1313 esse
2089 1257 2161 1313 so·

449 1413 451 1416 ·
558 1371 662 1456 lent.
723 1365 1155 1483 ARmacrophyllo
1185 1369 1319 1485 Bory.
1360 1402 1450 1457 nou
1491 1368 1576 1453 nisi
1605 1366 1799 1483 partium
1830 1369 2047 1457 mensuris
2077 1367 2160 1455 dif-

506 1541 524 1582 x
557 1511 675 1599 ferre
707 1511 898 1599 videtur.
970 1511 1175 1624 Quorum
1206 1489 1415 1630 'plurima
1458 1510 1588 1601 valde
1631 1533 1676 1598 et
1711 1509 1860 1598 forsan
1900 1511 2032 1598 nimis
2062 1507 2158 1597 affi-

556 1655 632 1740 nia
661 1678 774 1749 sunt.

683 1827 748 1885 ιο.
794 1793 1080 1913 Polypodium
1111 1795 1427 1914 lycopodioid'es
1456 1798 1589 1883 Linn.
1619 1797 1698 1912 sp.
1715 1793 1792 1913 ple
1817 1825 1916 1910 pag.
1944 1795 2067 1902 1542.

681 1973 746 2030 ιι.
791 1939 1079 2056 Polypodr'um
1100 1971 1348 2056 percussum
1380 1940 1545 2027 Casan.
1681 2037 1683 2043 ¹

677 2083 714 2168 F
720 2082 930 2168 rondibus
964 2084 1176 2169 coriaceis
1207 2083 1463 2171 lanceolatis
1490 2081 1788 2196 integerrimis
1818 2060 2028 2200 utrinque
2058 2111 2156 2169 acn-

559 2227 753 2329 minatis,
785 2255 917 2340 supra
945 2226 1160 2338 rugulosis
1191 2201 1635 2342 subtussquamoso·
1645 2225 1880 2340 pennatis,
1913 2225 2025 2310 soris
2051 2224 2158 2311 soli·

559 2369 700 2473 tariis,
735 2366 973 2453 rhizomate
1000 2364 1201 2453 fiiiformi
1232 2366 1454 2482 paieaceo.

616 2513 667 2600 Ρ.
687 2539 937 2628 percussum
967 2509 1130 2596 Canen.
1162 2507 1372 2624 praelect.
1411 2508 1536 2594 1801.
1566 2507 1642 2639 Νι.
1665 2506 1763 2624 594.
1823 2504 1989 2598 Willd.
2008 2535 2072 2622 sp.
2060 2505 2154 2622 .pi.

735 2653 788 2739 V.
821 2682 917 2767 pag.
951 2650 1045 2738 151.

617 2796 673 2888 P.
700 2793 939 2912 marginole
968 2793 1089 2906 Bory
1118 2791 1237 2907 apud
1268 2792 1432 2882 Willd.
1452 2822 1515 2909 sp.
1536 2791 1598 2909 pl.
1618 2793 1671 2879 V.
1701 2822 1798 2908 pag.
1826 2792 1922 2905 149.

676 2936 842 3024 Differt
872 2967 897 3022 a
926 2937 1218 3052 praecedente
1248 2935 1506 3051 praesertim
1535 2933 1773 3022 substantia
1804 2931 1978 3021 frondis
2014 2933 2157 3022 coria·

557 3111 656 3187 cea,
699 3111 813 3199 quae
857 3079 904 3162 in
947 3079 1026 3164 illo
1067 3076 1428 3187 membranacea3
1469 3101 1697 3193 praeterea
1737 3076 2153 3198 rbizomateminus
2227 3126 2231 3131 -

558 3223 693 3309 dense
725 3223 962 3338 paleaceo,
994 3218 1221 3338 paleisque
1252 3221 1397 3305 minus
1428 3203 1704 3336 patentibus,
1738 3218 1856 3307 unde
1893 3221 2035 3335 ipsum
2065 3217 2155 3304 rbi·

558 3395 684 3456 zoma
714 3363 890 3451 videtur
920 3363 1060 3469 multo
1091 3362 1294 3471 tenuins3
1325 3363 1431 3449 dein
1461 3361 1695 3449 frondibus
1721 3355 1982 3468 maioribus,
2014 3362 2153 3446 utrin-

558 3537 645 3624 que
677 3506 913 3621 praecipue
953 3527 1098 3590 autem
1130 3505 1255 3622 apice
1287 3505 1428 3592 multo
1459 3506 1632 3618 longius
1662 3506 1944 3615 acuminatis3
1990 3531 2149 3619 supra,

520 3679 609 3736 ·ex
645 3648 766 3735 venis
799 3649 943 3760 „magis
984 3644 1369 3761 prominentibus,
1417 3647 1633 3758 rugulosis
1674 3646 1813 3769 (dum
1857 3651 1903 3734 in
1942 3645 1991 3734 P.
2032 3645 2154 3761 lyco·

555 3789 762 3906 podioidi
800 3811 900 3874 sunt
939 3789 1134 3899 laeves);
1180 3788 1332 3876 subtus
1367 3789 1658 3906 squamulosis
1697 3821 1781 3878 nec
1818 3790 1994 3903 glabris.
2066 3787 2188 3891 Fe,

555 3963 662 4018 veae
693 3961 825 4038 vero,
873 3931 1036 4017 asoris
1068 3952 1217 4035 ortae,
1263 3931 1312 4015 in
1341 3932 1568 4045 superiore
1598 3932 1770 4019 frondis
1807 3933 1988 4047 pagina,
2032 3930 2149 4018 unde

555 4105 744 4181 nornen,
793 4103 971 4187 prorsus
999 4071 1180 4158 eaedem
1210 4095 1255 4159 et
1284 4075 1332 4158 in
1370 4070 1418 4159 P.
1450 4072 1758 4190 lycopodioidi
1787 4074 1974 4193 aliisque
2006 4074 2151 4162 obser·

556 4242 727 4305 vantur.
1884 4205 1893 4218 ’

675 4359 934 4445 obseruatio.
995 4356 1294 4472 Polypodium
1325 4357 1564 4472 marginale
1598 4389 1650 4446 ex
1676 4361 1811 4476 ipsius
1834 4358 2149 4449 Willdenowii

456 4527 462 4546 ·
556 4495 852 4617 descriptione
886 4531 974 4584 non
1006 4498 1140 4582 ruodo
1169 4529 1259 4584 non
1288 4497 1375 4584 alia
1403 4503 1589 4614 species,
1620 4501 1699 4589 sed
1728 4535 1783 4588 ne
1811 4502 2029 4590 levissima
2050 4502 2149 4618 qui·

555 4643 659 4734 dem
688 4666 859 4728 nostrae
891 4640 1038 4754 stirpis
1069 4640 1254 4726 varietas
1286 4669 1375 4726 esse
1402 4639 1591 4730 videtur.
1635 4644 1704 4730 An
1736 4648 1869 4732 etiam
1898 4644 1946 4733 Ρ.
1979 4671 2149 4730 macro·

555 4815 736 4901 carpum
763 4785 849 4871 buc
877 4783 1121 4899 pertineat,
1153 4782 1230 4866 alii
1261 4780 1521 4870 diiudicent.

680 4957 745 5014 12.
789 4906 1076 5041 Polypodium
1100 4923 1357 5037 Ptyttiridis
1376 4927 1507 5010 Linn.
1536 4955 1599 5045 sp.
1589 4927 1680 5043 ‚pt
1715 4957 1811 5043 pag.
1841 4927 1966 5036 1543.

680 5068 746 5162 13
788 5069 852 5158 Po
854 5065 1074 5186 &podium
1103 5066 1386 5158 Leucotomo's
1414 5068 1538 5183 Lam.
1720 5098 1722 5101 ·
