4809 6142
523 600 569 671 tle
593 598 762 673 ubertate
777 597 965 695 frumenti
988 597 1216 694 temporibus
1242 599 1523 697 orniquissimis.
1747 606 1820 684 851

225 818 307 903 toti
331 839 432 900 sunt
463 815 510 900 in
542 815 749 903 laudibus
781 820 1027 933 priscorum
1058 840 1326 931 temporum,
1359 841 1403 902 et
1431 812 1516 903 hoo
1547 812 1729 934 quidem
1763 818 1820 899 ob

226 956 429 1043 eximiam
462 957 778 1067 agricultorem
810 988 961 1045 curam
994 990 1285 1077 magnamque
1326 990 1531 1046 arvorum
1563 959 1819 1045 ubertatem.

228 1099 378 1204 Αἶσα,
412 1103 557 1217 inquit
582 1099 786 1212 Agrasius
818 1099 937 1215 apud
968 1102 1027 1187 M.
1060 1103 1305 1189 Varronem
1326 1097 1393 1218 ⁴¹¹),
1428 1104 1507 1217 qui
1539 1101 1694 1187 multas
1725 1132 1822 1217 per·

225 1240 477 1328 ambulastis
506 1266 669 1347 terras,
702 1273 889 1361 ecquam
920 1243 1154 1328 cultiorem
1185 1242 1310 1327 Italia
1341 1239 1541 1327 vidistis?
1570 1241 1664 1356 Ego
1695 1272 1818 1346 vero,

224 1384 453 1497 respondit
484 1384 659 1496 Agrius,
692 1386 860 1471 nullam
891 1385 1082 1471 arbitror
1109 1414 1215 1487 esse,
1250 1414 1362 1501 quae
1388 1407 1475 1471 tam
1500 1408 1589 1471 tota
1610 1386 1666 1471 sit
1689 1385 1817 1472 culta.

224 1524 440 1629 Primum,
473 1554 575 1611 curn
600 1526 722 1613 orbis
743 1522 894 1613 terrae
918 1522 1084 1612 divisus
1113 1527 1170 1611 sit
1199 1526 1243 1610 in
1278 1524 1384 1611 duas
1415 1552 1558 1641 partes
1590 1527 1644 1612 ab
1668 1527 1823 1614 Erato-

224 1663 401 1770 sthene,
446 1668 633 1753 maxime
674 1666 917 1754 seonndum
957 1691 1159 1754 naturam
1199 1666 1256 1754 ad
1298 1667 1532 1755 meridiem
1563 1697 1712 1755 versus
1725 1733 1738 1776 ,
1778 1694 1822 1757 et

225 1806 283 1892 atl
309 1809 653 1923 septentriones,
701 1834 746 1897 et
772 1812 865 1897 sine
897 1809 1062 1914 dubio,
1104 1810 1316 1927 quoniam
1347 1809 1566 1895 salubrior
1596 1835 1710 1924 pars·
1726 1841 1821 1925 sep·

224 1950 500 2041 tentrionalis
531 1974 620 2057 est,
654 1980 787 2069 quam
819 1950 1106 2057 meridiana,
1127 1975 1170 2035 et
1201 1981 1313 2067 quae
1343 1950 1590 2057 salubrior,
1625 1954 1702 2039 illa
1731 1952 1820 2037 fru·
1931 1990 1932 1999 Ν

225 2093 446 2197 ctuosior,
489 2091 753 2197 dicendum,
794 2094 929 2205 magis
966 2121 1062 2178 eam
1094 2089 1226 2176 luisse
1264 2117 1558 2205 opportunam
1589 2092 1646 2177 ad
1678 2092 1822 2177 colen·

126 2276 130 2281 ·
224 2232 357 2335 dnm,
391 2262 524 2346 quam
555 2235 730 2336 Asiam,
765 2234 917 2347 ibique
947 2233 1145 2339 Italiam,
1178 2237 1371 2347 primum
1405 2234 1528 2349 quod
1559 2257 1623 2320 est
1653 2236 1697 2319 in
1728 2236 1821 2319 Eu·

223 2400 356 2486 ropa,
398 2369 593 2457 secundo
636 2370 759 2489 quod
801 2372 907 2459 haec
950 2373 1232 2486 temperatior
1273 2401 1372 2486 pars
1409 2398 1497 2479 est,
1544 2405 1674 2492 quam
1707 2376 1820 2463 inte-

222 2520 330 2601 rior.
391 2513 502 2598 Nam
545 2516 661 2597 intus
700 2544 813 2627 pene
854 2517 1143 2625 sempiternae
1181 2513 1391 2621 hyemes,
1439 2545 1582 2630 neque
1623 2517 1817 2619 mirum,

224 2653 347 2772 quod
387 2676 488 2736 sunt
526 2654 724 2765 regiones
765 2654 879 2738 inter
927 2650 1146 2737 circulum
1183 2654 1594 2777 septentrionalem
1621 2679 1665 2742 et
1705 2658 1818 2745 inter

224 2796 449 2884 cardinem
481 2796 622 2899 coeli,
655 2795 734 2879 ubi
765 2794 832 2879 sol
863 2794 995 2881 etiam
1025 2824 1099 2879 son
1129 2793 1353 2879 mensibus
1385 2798 1606 2881 continuis
1636 2828 1726 2883 nou
1757 2803 1819 2889 vi-

224 2940 366 3026 detur.
413 2939 564 3058 Itaque
597 2944 643 3023 in
676 2968 840 3024 oceano
872 2938 919 3023 in
945 2968 996 3023 ea
1022 2960 1144 3053 parte
1178 2968 1231 3023 ne
1259 2939 1454 3051 navigari
1481 2940 1662 3057 quidem
1694 2974 1818 3057 posse

224 3082 379 3168 dicunt
407 3105 588 3196 propter
616 3112 736 3168 mare
760 3079 1048 3193 congelatum.
1095 3078 1372 3166 Fundanius:
1401 3080 1515 3168 Num
1540 3084 1604 3168 ibi
1627 3108 1674 3169 tu
1696 3088 1819 3202 quio·

224 3253 356 3340 quam
388 3224 507 3307 nasci
535 3246 661 3337 putas
690 3252 814 3338 posse
848 3244 922 3307 aut
951 3221 1040 3307 coli
1069 3225 1250 3307 natum?
1278 3223 1444 3311 Verum
1475 3226 1592 3309 enim
1619 3252 1684 3313 est
1702 3228 1819 3316 illud
1907 3304 1911 3311 .

220 3363 422 3450 Pacuvii:
480 3365 556 3451 Sol
595 3369 632 3449 si
672 3388 887 3480 perpetuo
930 3365 989 3449 sit
1037 3386 1111 3449 aut
1159 3396 1245 3450 nox
1296 3364 1499 3452 flammeo
1538 3397 1700 3483 vapore
1746 3396 1822 3459 aut

216 3508 416 3620 frigore,
458 3531 603 3593 terrae
632 3506 803 3595 fructus
839 3536 988 3592 omnes
1025 3507 1223 3592 interire.
1284 3506 1379 3617 Ego
1412 3506 1510 3611 bie,
1551 3508 1629 3595 ubi
1659 3542 1747 3597 nox
1777 3539 1821 3601 et
1896 3572 1899 3577 -

223 3647 317 3732 dies
343 3645 520 3733 modice
551 3648 669 3733 redit
698 3670 744 3733 et
773 3645 890 3749 abit,
924 3669 1070 3733 tamen
1098 3652 1264 3734 aestivo
1296 3646 1398 3752 die,
1430 3648 1467 3733 si
1493 3680 1583 3735 non
1614 3648 1821 3740 diffinde-

223 3817 318 3873 rem
363 3816 463 3871 meo
503 3787 687 3869 insititio
726 3813 881 3871 somno
912 3786 1127 3889 meridie,
1171 3788 1319 3871 vivere
1353 3818 1441 3872 nou
1473 3819 1657 3902 possem.
1719 3794 1819 3881 lllic

223 3932 269 4011 in
300 3926 497 4010 semestri
527 3921 599 4008 die
631 3945 705 4010 aut
734 3947 885 4025 noete,
920 3909 1298 4042 quemadmodum
1331 3930 1572 4047 quicquam
1599 3933 1709 4042 seri,
1744 3962 1820 4025 aut

224 4069 439 4174 aleseere,
482 4090 557 4153 aut
587 4069 692 4153 meti
721 4068 884 4182 possiti
924 4068 1090 4156 Contra
1130 4065 1243 4184 quid
1273 4066 1319 4151 in
1355 4068 1479 4155 ltalia
1510 4073 1694 4159 utensile
1726 4106 1816 4163 non
1860 4118 1867 4129 ·

224 4212 359 4319 modo
402 4240 488 4296 non
530 4210 748 4315 nascitur,
792 4208 871 4296 sed
910 4213 1042 4297 etiam
1084 4241 1173 4295 nou
1212 4213 1435 4323 egregium
1467 4210 1545 4301 lit?
1585 4216 1722 4328 Quod
1751 4218 1818 4307 far

225 4353 447 4439 conferam
478 4349 731 4467 Campano?
759 4350 895 4463 Quod
927 4354 1123 4479 triticum
1156 4350 1364 4467 Appulo?
1394 4354 1530 4467 Quod
1559 4362 1710 4447 vinnm
1742 4362 1820 4448 Fa·

222 4494 377 4580 lerno?
406 4490 543 4604 Quod
572 4493 723 4577 oleum
752 4491 976 4580 Venafro?
1003 4494 1104 4583 Non
1135 4494 1369 4583 arboribus
1395 4503 1560 4587 consita
1587 4526 1650 4590 est
1674 4505 1818 4617 ltalia,

223 4657 273 4719 ut
309 4657 399 4720 tota
437 4632 691 4746 pomarium
724 4632 963 4741 rideatur?
1007 4637 1075 4721 An
1115 4636 1305 4753 Phrygia
1342 4643 1479 4757 magis
1515 4644 1681 4732 ritibus
1717 4678 1819 4735 coo-

121 4844 131 4853 .
223 4800 371 4891 perta,
420 4806 553 4896 qnam
588 4769 807 4863 Homerus
837 4778 1030 4895 appellat
1067 4797 1352 4891 apostolocae,
1389 4816 1522 4904 quam
1554 4787 1689 4877 haect
1731 4792 1826 4881 Aut

263 5081 421 5173 ovam
443 5082 484 5147 ‹le
505 5102 532 5151 r.
552 5102 579 5150 r.
601 5079 724 5154 bibl„
746 5078 880 5166 eupli„

1347 5202 1430 5280 10&
