4809 6142
820 562 979 635 Panae
1007 558 1303 635 narbonenses.
1789 574 1863 647 797

395 780 644 865 observatio
674 775 757 863 ΙΙΙ.
820 774 889 863 Ab
928 773 1131 861 omnibus
1171 768 1541 857 Melastornatibus
1580 767 1651 853 hic
1688 798 1855 855 memo·

275 926 379 1007 ¹ratis
411 923 537 1031 longe
570 916 722 1004 diflert
757 918 925 1031 planta,
964 946 1098 1033 quam
1129 914 1184 1000 cl.
1216 912 1443 998 Sieber'in
1475 908 1678 995 herbario
1710 910 1856 995 marti·

207 1035 212 1042 ⁶
277 1063 444 1148 nicensi
481 1092 577 1146 nro.
604 1090 696 1173 ¹¹9·
738 1089 820 1173 pro
851 1057 961 1143 Mel.
995 1059 1289 1143 arborescentc
1325 1048 1473 1158 dedit,
1520 1080 1740 1171 quamque
1767 1049 1853 1158 pha·

273 1202 358 1289 beo
388 1230 473 1316 pro
1616 1292 1618 1299 ,

295 1400 302 1411 -
390 1334 624 1461 &Blackea
646 1335 953 1453 pulverulenta
981 1335 1107 1424 Vahl.
1136 1336 1278 1452 symb.
1296 1336 1371 1426 Ill.
1400 1364 1495 1451 pag.
1516 1336 1589 1422 614

392 1480 689 1596 Descriptioni
718 1476 955 1567 Vahlianae
987 1477 1148 1564 haecce
1181 1478 1344 1566 addere
1375 1478 1519 1565 liceat.
1549 1526 1609 1544 -
1674 1476 1800 1566 Folia
1831 1512 1855 1565 a

273 1621 551 1738 longitudine
588 1623 956 1741 quadripollicari
993 1620 1086 1707 fere
1129 1620 1186 1705 ad
1231 1619 1411 1736 duplam
1449 1621 1678 1737 triplamve
1717 1623 1857 1728 varia,

276 1774 460 1871 maiora,
489 1768 629 1851 rarius
653 1768 783 1853 etiam
801 1754 990 1867 minora,
1022 1760 1127 1847 inde
1146 1790 1170 1845 a
1190 1760 1339 1847 medio
1360 1782 1509 1847 exacte
1533 1762 1723 1869 dentata,
1754 1764 1855 1853 sub·

149 1968 155 1976 -
278 1908 448 2012 ciliata,
485 1903 888 2024 quintuplinervia,
918 1932 999 1992 nec
1030 1902 1265 2009 trinervia,
1297 1897 1382 1988 nisi
1411 1932 1566 1991 nervos
1597 1906 1856 2018 marginales

275 2080 356 2165 per
386 2071 526 2134 totum
565 2048 725 2135 lolium
755 2068 1059 2149 excurrentes,
1106 2044 1280 2161 iam'que
1312 2043 1366 2131 ab
1397 2045 1493 2159 ipso
1524 2046 1680 2133 Vahlio
1711 2047 1859 2137 obser·

275 2212 423 2293 vatos,
463 2188 755 2299 negligamus3
794 2165 925 2302 supra
949 2185 1212 2300 plerumque
1243 2184 1394 2270 vestita
1423 2186 1525 2298 pilis
1566 2188 1673 2273 raris
1711 2188 1858 2278 brevi·

273 2327 355 2413 bus
393 2328 606 2441 oppressis
641 2323 958 2409 ssavicantibus.
1026 2322 1165 2438 Calyx
1204 2325 1292 2410 iam
1330 2348 1428 2411 ante
1465 2327 1662 2415 a'ntbesin
1701 2330 1854 2433 durus,

273 2466 614 2569 baccaesormis‚
643 2464 953 2577 subglobosus,
983 2465 1068 2578 pisi
1099 2461 1424 2577 magnitudine,
1464 2466 1642 2555 demum
1673 2475 1860 2560 circum·

275 2606 461 2710 scissus,
490 2605 688 2717 margine
715 2625 966 2717 praerupto.
1026 2601 1172 2689 Petala
1204 2627 1325 2711 octo,
1354 2606 1559 2717 obovata,
1592 2612 1639 2695 in
1665 2642 1855 2725 unguem

275 2746 456 2834 brevem
493 2768 736 2849 attenuata,
777 2773 965 2829 concava
996 2750 1167 2855 (ungue
1199 2767 1298 2831 ante
1330 2744 1525 2834 anthesirr
1557 2750 1628 2835 vix
1658 2752 1751 2851 ullo
1782 2755 1858 2843 ob·

274 2882 522 3001 servabili).
597 2885 789 2971 Stamina
824 2883 978 2999 petalis
1025 2915 1210 2987 numero
1249 2884 1402 3001 tripla,
1453 2892 1732 2981 aestivatione
1773 2928 1855 3011 pro

275 3057 401 3114 more
446 3026 615 3115 ordinis
655 3025 951 3141 induplicata,
1002 3024 1227 3141 aequalia,
1274 3025 1462 3113 authoris
1511 3032 1890 3145 appendiculatis·

276 3171 419 3285 petala
450 3169 752 3287 aequantibus.
810 3167 955 3281 Stylus
984 3196 1176 3273 crassus,
1219 3193 1316 3255 ante
1348 3168 1544 3256 anthesin
1577 3198 1748 3283 rectus,
1778 3204 1861 3266 sta·

276 3312 446 3396 minum
477 3310 849 3426 induplicatorum
876 3335 1006 3392 arcus
1036 3332 1183 3396 exacte
1215 3340 1430 3427 aequans,
1459 3313 1564 3431 ¹dein
1597 3344 1752 3430 parum
1783 3321 1861 3411 de·

276 3452 484 3554 clinatus,
515 3450 770 3536 staminibus
801 3449 1013 3562 explicitis
1044 3478 1200 3562 parum
1226 3451 1416 3537 brevior.
1476 3453 1639 3567 Stigma
1668 3484 1855 3571 rectum,

275 3590 511 3705 peltatum,
550 3588 979 3691 radiato-striatum,
1026 3589 1174 3675 medio
1205 3592 1357 3705 paullo
1386 3616 1652 3683 excavatum.
1719 3599 1858 3690 Bacca

274 3732 412 3846 calyci
445 3732 717 3849 aliquantum
748 3752 875 3815 aucto
905 3728 1087 3835 adnata,
1117 3730 1485 3844 hemisphaerica,
1524 3739 1645 3850 apice
1676 3771 1858 3831 excava-

274 3896 342 3977 ta,
372 3870 649 3975 umbilicata,
678 3872 793 3955 striis
825 3868 1002 3954 radiatis
1027 3869 1182 3980 viginti
1214 3892 1402 3984 quatuor
1434 3893 1610 3980 notata,
1641 3878 1857 3967 umbilico

274 4010 433 4098 tubum
466 4011 713 4115 referente,
745 4041 823 4096 ore
853 4013 1051 4128 integro,
1082 4010 1126 4093 in
1153 4008 1278 4094 cuius
1307 4008 1446 4098 fundo
1475 4014 1576 4127 styli
1607 4016 1766 4106 deiecti
1796 3992 1865 4107 ci·¹

277 4153 414 4239 catrix
444 4152 564 4259 latet,
597 4155 657 4239 ita
681 4173 731 4237 ut
759 4152 895 4265 stylus
924 4152 1016 4240 basi
1046 4150 1270 4264 vaginatus
1300 4150 1452 4239 haberi
1483 4180 1695 4271 oporteat.
1752 4157 1856 4249 Dis:

275 4294 516 4407 sepimenta
544 4292 703 4379 baccae
724 4291 987 4397 duodecim.
1045 4292 1273 4380 Placentae
1305 4294 1521 4403 totidem,
1554 4296 1859 4416 dissepimenta

278 4436 565 4540 mentientes,
609 4434 998 4539 membranaceae,
1044 4433 1203 4547 angulo
1244 4434 1416 4522 interno
1461 4437 1855 4537 loculamentorum

277 4604 358 4689 per
393 4598 524 4662 totam
562 4574 881 4688 longitudinem
917 4572 1070 4661 affixae
1087 4638 1101 4680 ,
1148 4574 1304 4663 abhinc
1336 4578 1430 4666 fere
1462 4611 1597 4699 usquo
1630 4579 1686 4671 ad
1716 4589 1856 4702 parie-

252 4738 366 4802 ·tem
403 4716 561 4803 baccae
596 4718 856 4803 exteriorem
897 4740 1152 4830 protensae,
1184 4719 1378 4831 margine
1411 4723 1626 4811 anteriore
1657 4726 1857 4841 paullum

278 4857 549 4943 incrassatae.
608 4857 783 4941 Semina
821 4855 1031 4944 lateribus
1068 4858 1369 4973 placentarum
1397 4892 1477 4976 per
1507 4862 1727 4954 funiculos
1756 4868 1858 4955 bre·

277 4995 474 5085 tissimus
504 4994 655 5105 allisa,
682 4995 875 5113 plurima
906 4996 1225 5114 dissepimentis
1255 4998 1460 5109 adversa,
1490 5034 1626 5120 panca
1655 5008 1859 5126 periphe-
