<?xml version="1.0" encoding="UTF-8"?>
<!DOCTYPE html PUBLIC "-//W3C//DTD XHTML 1.0 Transitional//EN"
    "http://www.w3.org/TR/xhtml1/DTD/xhtml1-transitional.dtd">
<html xmlns="http://www.w3.org/1999/xhtml" xml:lang="en" lang="en">
 <head>
  <title>
</title>
<meta http-equiv="Content-Type" content="text/html;charset=utf-8" />
  <meta name='ocr-system' content='tesseract 3.04.00' />
  <meta name='ocr-capabilities' content='ocr_page ocr_carea ocr_par ocr_line ocrx_word'/>
</head>
<body>
  <div class='ocr_page' id='page_1' title='image "./novaactaphysico04curigoog/novaactaphysico04curigoog_0339.png"; bbox 0 0 4809 6142; ppageno 0'>
   <div class='ocr_carea' id='block_1_1' title="bbox 592 541 1858 640">
    <p class='ocr_par' dir='ltr' id='par_1_1' title="bbox 592 541 1858 640">
     <span class='ocr_line' id='line_1_1' title="bbox 592 541 1858 640; baseline -0.005 -20"><span class='ocrx_word' id='word_1_1' title='bbox 592 551 638 620; x_wconf 84' lang='lat' dir='ltr'><strong>de</strong></span> <span class='ocrx_word' id='word_1_2' title='bbox 655 545 826 620; x_wconf 81' lang='lat' dir='ltr'><strong>dentibus</strong></span> <span class='ocrx_word' id='word_1_3' title='bbox 841 545 991 619; x_wconf 82' lang='lat' dir='ltr'><strong>caninis</strong></span> <span class='ocrx_word' id='word_1_4' title='bbox 1009 543 1166 616; x_wconf 82' lang='lat' dir='ltr'><strong>raduer&#39;r</strong></span> <span class='ocrx_word' id='word_1_5' title='bbox 1189 541 1231 614; x_wconf 85' lang='lat' dir='ltr'><strong>in</strong></span> <span class='ocrx_word' id='word_1_6' title='bbox 1256 542 1389 640; x_wconf 84' lang='lat' dir='ltr'><strong>equino</strong></span> <span class='ocrx_word' id='word_1_7' title='bbox 1411 566 1560 640; x_wconf 79' lang='lat' dir='ltr'><strong>genere.</strong></span> <span class='ocrx_word' id='word_1_8' title='bbox 1784 543 1858 636; x_wconf 81' lang='lat'><strong>699</strong></span> 
     </span>
    </p>
   </div>
   <div class='ocr_carea' id='block_1_2' title="bbox 236 758 1967 4848">
    <p class='ocr_par' dir='ltr' id='par_1_2' title="bbox 266 758 1898 1876">
     <span class='ocr_line' id='line_1_2' title="bbox 267 758 1898 882; baseline -0.007 -29"><span class='ocrx_word' id='word_1_9' title='bbox 267 766 491 882; x_wconf 83' lang='lat' dir='ltr'><strong>gentibus,</strong></span> <span class='ocrx_word' id='word_1_10' title='bbox 523 788 642 851; x_wconf 91' lang='lat' dir='ltr'><strong>retro</strong></span> <span class='ocrx_word' id='word_1_11' title='bbox 673 765 832 851; x_wconf 90' lang='lat' dir='ltr'><strong>horum</strong></span> <span class='ocrx_word' id='word_1_12' title='bbox 865 791 1074 848; x_wconf 88' lang='lat' dir='ltr'><strong>coronam</strong></span> <span class='ocrx_word' id='word_1_13' title='bbox 1105 758 1381 866; x_wconf 81' lang='lat' dir='ltr'><strong>retinentur,</strong></span> <span class='ocrx_word' id='word_1_14' title='bbox 1429 762 1488 846; x_wconf 92' lang='lat' dir='ltr'><strong>ita</strong></span> <span class='ocrx_word' id='word_1_15' title='bbox 1518 784 1721 874; x_wconf 92' lang='lat' dir='ltr'><strong>utsupra</strong></span> <span class='ocrx_word' id='word_1_16' title='bbox 1751 758 1856 842; x_wconf 88' lang='lat' dir='ltr'><strong>late·</strong></span> <span class='ocrx_word' id='word_1_17' title='bbox 1894 873 1898 878; x_wconf 23' lang='lat'><em>·</em></span> 
     </span>
     <span class='ocr_line' id='line_1_3' title="bbox 268 898 1855 1017; baseline -0.006 -23"><span class='ocrx_word' id='word_1_18' title='bbox 268 911 428 994; x_wconf 92' lang='lat' dir='ltr'><strong>ralium</strong></span> <span class='ocrx_word' id='word_1_19' title='bbox 468 905 665 993; x_wconf 90' lang='lat' dir='ltr'><strong>dentium</strong></span> <span class='ocrx_word' id='word_1_20' title='bbox 712 932 953 1008; x_wconf 83' lang='lat' dir='ltr'><strong>coronam,</strong></span> <span class='ocrx_word' id='word_1_21' title='bbox 1003 903 1168 1017; x_wconf 85' lang='lat' dir='ltr'><strong>paullo·</strong></span> <span class='ocrx_word' id='word_1_22' title='bbox 1205 904 1494 1008; x_wconf 80' lang='lat' dir='ltr'><strong>introrsum,</strong></span> <span class='ocrx_word' id='word_1_23' title='bbox 1521 903 1670 989; x_wconf 89' lang='lat' dir='ltr'><strong>sedem</strong></span> <span class='ocrx_word' id='word_1_24' title='bbox 1710 898 1855 1016; x_wconf 78' lang='lat' dir='ltr'><strong>ligant.</strong></span> 
     </span>
     <span class='ocr_line' id='line_1_4' title="bbox 267 1030 1856 1163; baseline -0.004 -28"><span class='ocrx_word' id='word_1_25' title='bbox 267 1030 439 1163; x_wconf 88' lang='lat' dir='ltr'><strong>Quodsi</strong></span> <span class='ocrx_word' id='word_1_26' title='bbox 470 1046 668 1134; x_wconf 81' lang='lat' dir='ltr'><strong>laterales</strong></span> <span class='ocrx_word' id='word_1_27' title='bbox 701 1047 851 1161; x_wconf 84' lang='lat' dir='ltr'><strong>dentes</strong></span> <span class='ocrx_word' id='word_1_28' title='bbox 886 1046 1017 1132; x_wconf 91' lang='lat' dir='ltr'><strong>lactei</strong></span> <span class='ocrx_word' id='word_1_29' title='bbox 1051 1045 1225 1130; x_wconf 85' lang='lat' dir='ltr'><strong>incisiri</strong></span> <span class='ocrx_word' id='word_1_30' title='bbox 1256 1075 1334 1130; x_wconf 93' lang='lat' dir='ltr'><strong>suo</strong></span> <span class='ocrx_word' id='word_1_31' title='bbox 1372 1068 1596 1160; x_wconf 85' lang='lat' dir='ltr'><strong>tempore,</strong></span> <span class='ocrx_word' id='word_1_32' title='bbox 1638 1068 1735 1159; x_wconf 92' lang='lat' dir='ltr'><strong>post</strong></span> <span class='ocrx_word' id='word_1_33' title='bbox 1764 1075 1856 1129; x_wconf 84' lang='lat' dir='ltr'><strong>sex·</strong></span> 
     </span>
     <span class='ocr_line' id='line_1_5' title="bbox 266 1185 1857 1300; baseline -0.004 -24"><span class='ocrx_word' id='word_1_34' title='bbox 266 1187 360 1276; x_wconf 87' lang='lat' dir='ltr'><strong>turn</strong></span> <span class='ocrx_word' id='word_1_35' title='bbox 405 1190 574 1275; x_wconf 89' lang='lat' dir='ltr'><strong>scilicet</strong></span> <span class='ocrx_word' id='word_1_36' title='bbox 618 1192 765 1274; x_wconf 88' lang='lat' dir='ltr'><strong>aetatis</strong></span> <span class='ocrx_word' id='word_1_37' title='bbox 807 1217 1028 1289; x_wconf 88' lang='lat' dir='ltr'><strong>mensem,</strong></span> <span class='ocrx_word' id='word_1_38' title='bbox 1077 1185 1394 1300; x_wconf 83' lang='lat' dir='ltr'><strong>egrediuntur,</strong></span> <span class='ocrx_word' id='word_1_39' title='bbox 1438 1185 1737 1272; x_wconf 81' lang='lat' dir='ltr'>incumbentes</span> <span class='ocrx_word' id='word_1_40' title='bbox 1773 1185 1857 1270; x_wconf 91' lang='lat' dir='ltr'><strong>sibi</strong></span> 
     </span>
     <span class='ocr_line' id='line_1_6' title="bbox 267 1326 1855 1441; baseline -0.001 -26"><span class='ocrx_word' id='word_1_41' title='bbox 267 1334 447 1415; x_wconf 87' lang='lat' dir='ltr'><strong>caninos</strong></span> <span class='ocrx_word' id='word_1_42' title='bbox 487 1330 647 1414; x_wconf 89' lang='lat' dir='ltr'><strong>lacteos</strong></span> <span class='ocrx_word' id='word_1_43' title='bbox 686 1326 934 1441; x_wconf 71' lang='lat' dir='ltr'><strong>expellunt,</strong></span> <span class='ocrx_word' id='word_1_44' title='bbox 977 1327 1117 1411; x_wconf 91' lang='lat' dir='ltr'><strong>rarius</strong></span> <span class='ocrx_word' id='word_1_45' title='bbox 1160 1351 1278 1412; x_wconf 85' lang='lat' dir='ltr'><strong>retro</strong></span> <span class='ocrx_word' id='word_1_46' title='bbox 1319 1359 1363 1414; x_wconf 89' lang='lat' dir='ltr'><strong>se</strong></span> <span class='ocrx_word' id='word_1_47' title='bbox 1402 1328 1549 1413; x_wconf 90' lang='lat' dir='ltr'><strong>locum</strong></span> <span class='ocrx_word' id='word_1_48' title='bbox 1581 1329 1671 1413; x_wconf 92' lang='lat' dir='ltr'><strong>illis</strong></span> <span class='ocrx_word' id='word_1_49' title='bbox 1701 1359 1855 1413; x_wconf 87' lang='lat' dir='ltr'><strong>conce-</strong></span> 
     </span>
     <span class='ocr_line' id='line_1_7' title="bbox 267 1469 1857 1588; baseline -0.001 -33"><span class='ocrx_word' id='word_1_50' title='bbox 267 1474 401 1575; x_wconf 89' lang='lat' dir='ltr'><strong>dunt,</strong></span> <span class='ocrx_word' id='word_1_51' title='bbox 449 1501 539 1588; x_wconf 94' lang='lat' dir='ltr'><strong>quo</strong></span> <span class='ocrx_word' id='word_1_52' title='bbox 582 1469 776 1586; x_wconf 85' lang='lat' dir='ltr'><strong>aliquam</strong></span> <span class='ocrx_word' id='word_1_53' title='bbox 815 1470 1022 1581; x_wconf 90' lang='lat' dir='ltr'><strong>insuper,</strong></span> <span class='ocrx_word' id='word_1_54' title='bbox 1070 1499 1152 1554; x_wconf 86' lang='lat' dir='ltr'><strong>nee</strong></span> <span class='ocrx_word' id='word_1_55' title='bbox 1186 1498 1291 1553; x_wconf 86' lang='lat' dir='ltr'><strong>vero</strong></span> <span class='ocrx_word' id='word_1_56' title='bbox 1324 1499 1518 1585; x_wconf 89' lang='lat' dir='ltr'><strong>unquam</strong></span> <span class='ocrx_word' id='word_1_57' title='bbox 1551 1469 1611 1588; x_wconf 89' lang='lat' dir='ltr'><strong>(si</strong></span> <span class='ocrx_word' id='word_1_58' title='bbox 1642 1501 1727 1588; x_wconf 91' lang='lat' dir='ltr'><strong>qua</strong></span> <span class='ocrx_word' id='word_1_59' title='bbox 1756 1502 1857 1584; x_wconf 87' lang='lat' dir='ltr'><strong>pau·</strong></span> 
     </span>
     <span class='ocr_line' id='line_1_8' title="bbox 267 1604 1854 1716; baseline -0.003 -18"><span class='ocrx_word' id='word_1_60' title='bbox 267 1613 460 1698; x_wconf 92' lang='lat' dir='ltr'><strong>cioribus</strong></span> <span class='ocrx_word' id='word_1_61' title='bbox 505 1615 662 1698; x_wconf 93' lang='lat' dir='ltr'><strong>nostris</strong></span> <span class='ocrx_word' id='word_1_62' title='bbox 708 1604 1241 1698; x_wconf 82' lang='lat' dir='ltr'><strong>observationibus&#39;iides</strong></span> <span class='ocrx_word' id='word_1_63' title='bbox 1282 1631 1345 1695; x_wconf 88' lang='lat' dir='ltr'><strong>est</strong></span> <span class='ocrx_word' id='word_1_64' title='bbox 1391 1607 1633 1716; x_wconf 67' lang='lat' dir='ltr'><strong>habenda)</strong></span> <span class='ocrx_word' id='word_1_65' title='bbox 1660 1610 1715 1692; x_wconf 89' lang='lat' dir='ltr'><strong>ad</strong></span> <span class='ocrx_word' id='word_1_66' title='bbox 1751 1611 1854 1694; x_wconf 87' lang='lat' dir='ltr'><strong>anni</strong></span> 
     </span>
     <span class='ocr_line' id='line_1_9' title="bbox 268 1751 1355 1876; baseline -0.005 -34"><span class='ocrx_word' id='word_1_67' title='bbox 268 1762 452 1843; x_wconf 84' lang='lat' dir='ltr'><strong>aetatem</strong></span> <span class='ocrx_word' id='word_1_68' title='bbox 493 1787 632 1876; x_wconf 90' lang='lat' dir='ltr'><strong>usque</strong></span> <span class='ocrx_word' id='word_1_69' title='bbox 675 1777 939 1870; x_wconf 88' lang='lat' dir='ltr'><strong>protractam</strong></span> <span class='ocrx_word' id='word_1_70' title='bbox 976 1781 1146 1837; x_wconf 88' lang='lat' dir='ltr'><strong>moram</strong></span> <span class='ocrx_word' id='word_1_71' title='bbox 1181 1751 1355 1838; x_wconf 85' lang='lat' dir='ltr'><strong>faciunt.</strong></span> 
     </span>
    </p>

    <p class='ocr_par' dir='ltr' id='par_1_3' title="bbox 236 1893 1967 3543">
     <span class='ocr_line' id='line_1_10' title="bbox 385 1893 1857 2010; baseline -0.005 -26"><span class='ocrx_word' id='word_1_72' title='bbox 385 1900 452 1984; x_wconf 85' lang='lat' dir='ltr'><strong>Ab</strong></span> <span class='ocrx_word' id='word_1_73' title='bbox 485 1898 601 1983; x_wconf 82' lang='lat' dir='ltr'><strong>hisee</strong></span> <span class='ocrx_word' id='word_1_74' title='bbox 631 1897 836 2010; x_wconf 80' lang='lat' dir='ltr'><strong>nonnihil</strong></span> <span class='ocrx_word' id='word_1_75' title='bbox 868 1894 1085 1982; x_wconf 82' lang='lat' dir='ltr'><strong>disserunt</strong></span> <span class='ocrx_word' id='word_1_76' title='bbox 1114 1897 1339 2008; x_wconf 81' lang='lat' dir='ltr'><strong>superioris</strong></span> <span class='ocrx_word' id='word_1_77' title='bbox 1372 1893 1572 1979; x_wconf 82' lang='lat' dir='ltr'><strong>maxillae</strong></span> <span class='ocrx_word' id='word_1_78' title='bbox 1622 1895 1763 1977; x_wconf 92' lang='lat' dir='ltr'><strong>canini</strong></span> <span class='ocrx_word' id='word_1_79' title='bbox 1800 1894 1857 1976; x_wconf 87' lang='lat' dir='ltr'><strong>la·</strong></span> 
     </span>
     <span class='ocr_line' id='line_1_11' title="bbox 267 2035 1856 2158; baseline -0.004 -33"><span class='ocrx_word' id='word_1_80' title='bbox 267 2042 377 2146; x_wconf 89' lang='lat' dir='ltr'><strong>ctei;</strong></span> <span class='ocrx_word' id='word_1_81' title='bbox 427 2064 475 2125; x_wconf 87' lang='lat' dir='ltr'><strong>ut</strong></span> <span class='ocrx_word' id='word_1_82' title='bbox 509 2042 614 2158; x_wconf 90' lang='lat' dir='ltr'><strong>qni,</strong></span> <span class='ocrx_word' id='word_1_83' title='bbox 656 2070 763 2136; x_wconf 21' lang='lat' dir='ltr'><strong>mox,</strong></span> <span class='ocrx_word' id='word_1_84' title='bbox 791 2038 845 2122; x_wconf 86' lang='lat' dir='ltr'><strong>ab</strong></span> <span class='ocrx_word' id='word_1_85' title='bbox 887 2039 1155 2152; x_wconf 84' lang='lat' dir='ltr'><strong>eruptionis,</strong></span> <span class='ocrx_word' id='word_1_86' title='bbox 1197 2037 1342 2150; x_wconf 90' lang='lat' dir='ltr'><strong>primo</strong></span> <span class='ocrx_word' id='word_1_87' title='bbox 1379 2038 1527 2120; x_wconf 86' lang='lat' dir='ltr'><strong>aetatis</strong></span> <span class='ocrx_word' id='word_1_88' title='bbox 1565 2065 1712 2118; x_wconf 89' lang='lat' dir='ltr'><strong>meuse</strong></span> <span class='ocrx_word' id='word_1_89' title='bbox 1755 2035 1856 2124; x_wconf 86' lang='lat' dir='ltr'><strong>sub·</strong></span> 
     </span>
     <span class='ocr_line' id='line_1_12' title="bbox 236 2176 1854 2291; baseline -0.003 -29"><span class='ocrx_word' id='word_1_90' title='bbox 236 2179 437 2291; x_wconf 79' lang='lat' dir='ltr'><strong>euntis,</strong></span> <span class='ocrx_word' id='word_1_91' title='bbox 486 2179 645 2282; x_wconf 90' lang='lat' dir='ltr'><strong>initio,</strong></span> <span class='ocrx_word' id='word_1_92' title='bbox 692 2201 812 2262; x_wconf 90' lang='lat' dir='ltr'><strong>retro</strong></span> <span class='ocrx_word' id='word_1_93' title='bbox 856 2179 949 2289; x_wconf 91' lang='lat' dir='ltr'><strong>ipsa</strong></span> <span class='ocrx_word' id='word_1_94' title='bbox 990 2176 1191 2261; x_wconf 89' lang='lat' dir='ltr'><strong>dentium</strong></span> <span class='ocrx_word' id='word_1_95' title='bbox 1234 2176 1672 2282; x_wconf 87' lang='lat' dir='ltr'><strong>lateralium,·altius</strong></span> <span class='ocrx_word' id='word_1_96' title='bbox 1705 2182 1854 2260; x_wconf 86' lang='lat' dir='ltr'><strong>etiam·</strong></span> 
     </span>
     <span class='ocr_line' id='line_1_13' title="bbox 267 2311 1858 2431; baseline -0.003 -27"><span class='ocrx_word' id='word_1_97' title='bbox 267 2351 383 2405; x_wconf 90' lang='lat' dir='ltr'><strong>nunc</strong></span> <span class='ocrx_word' id='word_1_98' title='bbox 418 2322 464 2405; x_wconf 91' lang='lat' dir='ltr'><strong>in</strong></span> <span class='ocrx_word' id='word_1_99' title='bbox 509 2322 688 2406; x_wconf 83' lang='lat' dir='ltr'><strong>alveolis</strong></span> <span class='ocrx_word' id='word_1_100' title='bbox 727 2317 982 2402; x_wconf 87' lang='lat' dir='ltr'><strong>abscondita</strong></span> <span class='ocrx_word' id='word_1_101' title='bbox 1023 2318 1219 2428; x_wconf 85' lang='lat' dir='ltr'><strong>germina</strong></span> <span class='ocrx_word' id='word_1_102' title='bbox 1259 2341 1563 2431; x_wconf 81' lang='lat' dir='ltr'><strong>compareant3</strong></span> <span class='ocrx_word' id='word_1_103' title='bbox 1607 2311 1756 2402; x_wconf 67' lang='lat' dir='ltr'><strong>s&#39;edem</strong></span> <span class='ocrx_word' id='word_1_104' title='bbox 1794 2321 1858 2402; x_wconf 88' lang='lat' dir='ltr'><strong>ni-</strong></span> 
     </span>
     <span class='ocr_line' id='line_1_14' title="bbox 268 2444 1854 2574; baseline 0.002 -28"><span class='ocrx_word' id='word_1_105' title='bbox 268 2467 431 2550; x_wconf 89' lang='lat' dir='ltr'><strong>mirum</strong></span> <span class='ocrx_word' id='word_1_106' title='bbox 472 2464 527 2547; x_wconf 91' lang='lat' dir='ltr'><strong>ab</strong></span> <span class='ocrx_word' id='word_1_107' title='bbox 571 2444 855 2546; x_wconf 69' lang='lat' dir='ltr'><strong>in&#39;cisivorum</strong></span> <span class='ocrx_word' id='word_1_108' title='bbox 899 2462 1011 2546; x_wconf 87' lang='lat' dir='ltr'><strong>serie</strong></span> <span class='ocrx_word' id='word_1_109' title='bbox 1058 2460 1208 2573; x_wconf 91' lang='lat' dir='ltr'><strong>paullo</strong></span> <span class='ocrx_word' id='word_1_110' title='bbox 1248 2459 1534 2544; x_wconf 88' lang='lat' dir='ltr'><strong>remotiorem</strong></span> <span class='ocrx_word' id='word_1_111' title='bbox 1572 2461 1618 2543; x_wconf 94' lang='lat' dir='ltr'><strong>in</strong></span> <span class='ocrx_word' id='word_1_112' title='bbox 1656 2456 1854 2574; x_wconf 68' lang='lat' dir='ltr'><strong>extremo</strong></span> 
     </span>
     <span class='ocr_line' id='line_1_15' title="bbox 269 2596 1856 2720; baseline -0.004 -30"><span class='ocrx_word' id='word_1_113' title='bbox 269 2635 361 2692; x_wconf 90' lang='lat' dir='ltr'><strong>osse</strong></span> <span class='ocrx_word' id='word_1_114' title='bbox 390 2605 766 2720; x_wconf 86' lang='lat' dir='ltr'><strong>supramaxillari,</strong></span> <span class='ocrx_word' id='word_1_115' title='bbox 811 2635 890 2689; x_wconf 92' lang='lat' dir='ltr'><strong>nec</strong></span> <span class='ocrx_word' id='word_1_116' title='bbox 922 2603 969 2685; x_wconf 91' lang='lat' dir='ltr'><strong>in</strong></span> <span class='ocrx_word' id='word_1_117' title='bbox 998 2599 1436 2704; x_wconf 88' lang='lat' dir='ltr'><strong>intermaxillaribus,</strong></span> <span class='ocrx_word' id='word_1_118' title='bbox 1477 2596 1669 2712; x_wconf 86' lang='lat' dir='ltr'><strong>figentes.</strong></span> <span class='ocrx_word' id='word_1_119' title='bbox 1732 2602 1856 2685; x_wconf 88' lang='lat' dir='ltr'><strong>Acci-</strong></span> 
     </span>
     <span class='ocr_line' id='line_1_16' title="bbox 261 2732 1854 2859; baseline 0.001 -35"><span class='ocrx_word' id='word_1_120' title='bbox 261 2732 533 2859; x_wconf 70' lang='lat' dir='ltr'><strong>dirigitur,</strong></span> <span class='ocrx_word' id='word_1_121' title='bbox 582 2771 630 2831; x_wconf 92' lang='lat' dir='ltr'><strong>ut</strong></span> <span class='ocrx_word' id='word_1_122' title='bbox 673 2745 820 2829; x_wconf 87' lang='lat' dir='ltr'><strong>canini</strong></span> <span class='ocrx_word' id='word_1_123' title='bbox 858 2743 987 2828; x_wconf 88' lang='lat' dir='ltr'><strong>lactei</strong></span> <span class='ocrx_word' id='word_1_124' title='bbox 1028 2744 1302 2856; x_wconf 83' lang='lat' dir='ltr'><strong>superiores,</strong></span> <span class='ocrx_word' id='word_1_125' title='bbox 1351 2742 1405 2825; x_wconf 88' lang='lat' dir='ltr'><strong>ab</strong></span> <span class='ocrx_word' id='word_1_126' title='bbox 1446 2769 1620 2853; x_wconf 86' lang='lat' dir='ltr'><strong>egressu</strong></span> <span class='ocrx_word' id='word_1_127' title='bbox 1656 2743 1854 2828; x_wconf 90' lang='lat' dir='ltr'><strong>dentium</strong></span> 
     </span>
     <span class='ocr_line' id='line_1_17' title="bbox 268 2882 1855 3009; baseline -0.005 -35"><span class='ocrx_word' id='word_1_128' title='bbox 268 2889 515 2974; x_wconf 80' lang='lat' dir='ltr'><strong>lateralium</strong></span> <span class='ocrx_word' id='word_1_129' title='bbox 550 2889 829 3002; x_wconf 89' lang='lat' dir='ltr'><strong>superiorum</strong></span> <span class='ocrx_word' id='word_1_130' title='bbox 863 2887 1009 2969; x_wconf 92' lang='lat' dir='ltr'><strong>minus</strong></span> <span class='ocrx_word' id='word_1_131' title='bbox 1050 2884 1244 2987; x_wconf 91' lang='lat' dir='ltr'><strong>turbati,</strong></span> <span class='ocrx_word' id='word_1_132' title='bbox 1269 2884 1414 3009; x_wconf 32' lang='lat' dir='ltr'><strong>&#39;etiam</strong></span> <span class='ocrx_word' id='word_1_133' title='bbox 1450 2882 1645 2969; x_wconf 91' lang='lat' dir='ltr'><strong>absoluta</strong></span> <span class='ocrx_word' id='word_1_134' title='bbox 1677 2882 1855 2968; x_wconf 89' lang='lat' dir='ltr'><strong>demum</strong></span> 
     </span>
     <span class='ocr_line' id='line_1_18' title="bbox 270 3023 1857 3142; baseline -0.003 -28"><span class='ocrx_word' id='word_1_135' title='bbox 270 3032 434 3116; x_wconf 73' lang='lat' dir='ltr'><strong>horum&#39;</strong></span> <span class='ocrx_word' id='word_1_136' title='bbox 468 3031 731 3142; x_wconf 82' lang='lat' dir='ltr'><strong>eruptione,</strong></span> <span class='ocrx_word' id='word_1_137' title='bbox 770 3057 968 3113; x_wconf 88' lang='lat' dir='ltr'><strong>securam</strong></span> <span class='ocrx_word' id='word_1_138' title='bbox 1009 3051 1126 3113; x_wconf 88' lang='lat' dir='ltr'><strong>retro</strong></span> <span class='ocrx_word' id='word_1_139' title='bbox 1162 3025 1347 3109; x_wconf 88' lang='lat' dir='ltr'><strong>habeant</strong></span> <span class='ocrx_word' id='word_1_140' title='bbox 1381 3023 1532 3109; x_wconf 88' lang='lat' dir='ltr'><strong>sedem</strong></span> <span class='ocrx_word' id='word_1_141' title='bbox 1569 3049 1612 3109; x_wconf 92' lang='lat' dir='ltr'><strong>et</strong></span> <span class='ocrx_word' id='word_1_142' title='bbox 1654 3028 1857 3140; x_wconf 83' lang='lat' dir='ltr'><strong>supersti-</strong></span> 
     </span>
     <span class='ocr_line' id='line_1_19' title="bbox 243 3143 1857 3286; baseline -0.004 -28"><span class='ocrx_word' id='word_1_143' title='bbox 243 3193 333 3258; x_wconf 77' lang='lat' dir='ltr'><strong>‘tes</strong></span> <span class='ocrx_word' id='word_1_144' title='bbox 362 3175 464 3276; x_wconf 90' lang='lat' dir='ltr'><strong>sint,</strong></span> <span class='ocrx_word' id='word_1_145' title='bbox 507 3171 661 3286; x_wconf 87' lang='lat' dir='ltr'><strong>elapsis</strong></span> <span class='ocrx_word' id='word_1_146' title='bbox 691 3170 865 3285; x_wconf 90' lang='lat' dir='ltr'><strong>pridem</strong></span> <span class='ocrx_word' id='word_1_147' title='bbox 896 3165 1192 3254; x_wconf 86' lang='lat' dir='ltr'><strong>inferioribus.</strong></span> <span class='ocrx_word' id='word_1_148' title='bbox 1254 3143 1410 3282; x_wconf 81' lang='lat' dir='ltr'><strong>Neque</strong></span> <span class='ocrx_word' id='word_1_149' title='bbox 1435 3190 1578 3250; x_wconf 89' lang='lat' dir='ltr'><strong>tamen</strong></span> <span class='ocrx_word' id='word_1_150' title='bbox 1611 3164 1713 3250; x_wconf 90' lang='lat' dir='ltr'><strong>iden</strong></span> <span class='ocrx_word' id='word_1_151' title='bbox 1744 3168 1857 3253; x_wconf 91' lang='lat' dir='ltr'><strong>mul-</strong></span> 
     </span>
     <span class='ocr_line' id='line_1_20' title="bbox 270 3296 1967 3427; baseline -0.007 -25"><span class='ocrx_word' id='word_1_152' title='bbox 270 3296 384 3402; x_wconf 76' lang='lat' dir='ltr'><strong>turnv</strong></span> <span class='ocrx_word' id='word_1_153' title='bbox 409 3316 454 3400; x_wconf 90' lang='lat' dir='ltr'><strong>in</strong></span> <span class='ocrx_word' id='word_1_154' title='bbox 496 3312 739 3400; x_wconf 89' lang='lat' dir='ltr'><strong>secundum</strong></span> <span class='ocrx_word' id='word_1_155' title='bbox 781 3297 942 3397; x_wconf 87' lang='lat' dir='ltr'><strong>annum</strong></span> <span class='ocrx_word' id='word_1_156' title='bbox 989 3309 1158 3395; x_wconf 54' lang='lat' dir='ltr'><strong>durare&gt;</strong></span> <span class='ocrx_word' id='word_1_157' title='bbox 1191 3305 1421 3410; x_wconf 91' lang='lat' dir='ltr'><strong>videntur,</strong></span> <span class='ocrx_word' id='word_1_158' title='bbox 1462 3327 1511 3391; x_wconf 92' lang='lat' dir='ltr'><strong>ut</strong></span> <span class='ocrx_word' id='word_1_159' title='bbox 1546 3309 1668 3391; x_wconf 92' lang='lat' dir='ltr'><strong>cuius</strong></span> <span class='ocrx_word' id='word_1_160' title='bbox 1706 3310 1854 3394; x_wconf 87' lang='lat' dir='ltr'><strong>aetatis</strong></span> <span class='ocrx_word' id='word_1_161' title='bbox 1966 3424 1967 3427; x_wconf 4' lang='lat' dir='ltr'><strong>q</strong></span> 
     </span>
     <span class='ocr_line' id='line_1_21' title="bbox 270 3451 1301 3543; baseline -0.007 -2"><span class='ocrx_word' id='word_1_162' title='bbox 270 3458 418 3543; x_wconf 90' lang='lat' dir='ltr'><strong>crania</strong></span> <span class='ocrx_word' id='word_1_163' title='bbox 454 3456 622 3541; x_wconf 88' lang='lat' dir='ltr'><strong>caninis</strong></span> <span class='ocrx_word' id='word_1_164' title='bbox 659 3455 809 3540; x_wconf 87' lang='lat' dir='ltr'><strong>lacteis</strong></span> <span class='ocrx_word' id='word_1_165' title='bbox 848 3452 957 3539; x_wconf 76' lang='lat' dir='ltr'><strong>orba</strong></span> <span class='ocrx_word' id='word_1_166' title='bbox 992 3483 1081 3537; x_wconf 87' lang='lat' dir='ltr'><strong>esse</strong></span> <span class='ocrx_word' id='word_1_167' title='bbox 1118 3451 1301 3536; x_wconf 88' lang='lat' dir='ltr'><strong>soleant.</strong></span> 
     </span>
    </p>

    <p class='ocr_par' dir='ltr' id='par_1_4' title="bbox 270 3591 1861 4848">
     <span class='ocr_line' id='line_1_22' title="bbox 386 3591 1857 3712; baseline -0.007 -28"><span class='ocrx_word' id='word_1_168' title='bbox 386 3600 530 3712; x_wconf 90' lang='lat' dir='ltr'><strong>Quam</strong></span> <span class='ocrx_word' id='word_1_169' title='bbox 566 3599 746 3685; x_wconf 89' lang='lat' dir='ltr'><strong>demum</strong></span> <span class='ocrx_word' id='word_1_170' title='bbox 783 3628 959 3685; x_wconf 85' lang='lat' dir='ltr'><strong>omnem</strong></span> <span class='ocrx_word' id='word_1_171' title='bbox 993 3594 1047 3682; x_wconf 90' lang='lat' dir='ltr'><strong>de</strong></span> <span class='ocrx_word' id='word_1_172' title='bbox 1086 3591 1290 3678; x_wconf 91' lang='lat' dir='ltr'><strong>dentibus</strong></span> <span class='ocrx_word' id='word_1_173' title='bbox 1327 3622 1543 3709; x_wconf 89' lang='lat' dir='ltr'><strong>equorum</strong></span> <span class='ocrx_word' id='word_1_174' title='bbox 1582 3593 1746 3676; x_wconf 90' lang='lat' dir='ltr'><strong>caninis</strong></span> <span class='ocrx_word' id='word_1_175' title='bbox 1792 3622 1857 3674; x_wconf 89' lang='lat' dir='ltr'><strong>ca·</strong></span> 
     </span>
     <span class='ocr_line' id='line_1_23' title="bbox 271 3733 1858 3858; baseline -0.009 -29"><span class='ocrx_word' id='word_1_176' title='bbox 271 3745 423 3844; x_wconf 90' lang='lat' dir='ltr'><strong>ducis,</strong></span> <span class='ocrx_word' id='word_1_177' title='bbox 470 3773 493 3828; x_wconf 91' lang='lat' dir='ltr'><strong>e</strong></span> <span class='ocrx_word' id='word_1_178' title='bbox 539 3744 731 3856; x_wconf 86' lang='lat' dir='ltr'><strong>capitum</strong></span> <span class='ocrx_word' id='word_1_179' title='bbox 772 3742 1038 3858; x_wconf 86' lang='lat' dir='ltr'><strong>equinorum</strong></span> <span class='ocrx_word' id='word_1_180' title='bbox 1087 3765 1174 3819; x_wconf 92' lang='lat' dir='ltr'><strong>non</strong></span> <span class='ocrx_word' id='word_1_181' title='bbox 1222 3735 1574 3818; x_wconf 88' lang='lat' dir='ltr'><strong>numerosissima</strong></span> <span class='ocrx_word' id='word_1_182' title='bbox 1604 3735 1717 3818; x_wconf 85' lang='lat' dir='ltr'><strong>serie</strong></span> <span class='ocrx_word' id='word_1_183' title='bbox 1756 3733 1858 3816; x_wconf 90' lang='lat' dir='ltr'><strong>hau-</strong></span> 
     </span>
     <span class='ocr_line' id='line_1_24' title="bbox 270 3873 1855 3995; baseline -0.005 -28"><span class='ocrx_word' id='word_1_184' title='bbox 270 3911 415 3986; x_wconf 90' lang='lat' dir='ltr'><strong>stam,</strong></span> <span class='ocrx_word' id='word_1_185' title='bbox 462 3883 812 3966; x_wconf 83' lang='lat' dir='ltr'><strong>observationem</strong></span> <span class='ocrx_word' id='word_1_186' title='bbox 853 3904 984 3995; x_wconf 92' lang='lat' dir='ltr'><strong>atque</strong></span> <span class='ocrx_word' id='word_1_187' title='bbox 1032 3878 1213 3961; x_wconf 86' lang='lat' dir='ltr'><strong>brevem</strong></span> <span class='ocrx_word' id='word_1_188' title='bbox 1264 3873 1522 3978; x_wconf 90' lang='lat' dir='ltr'><strong>historiam,</strong></span> <span class='ocrx_word' id='word_1_189' title='bbox 1569 3899 1617 3958; x_wconf 93' lang='lat' dir='ltr'><strong>ut</strong></span> <span class='ocrx_word' id='word_1_190' title='bbox 1666 3875 1855 3960; x_wconf 91' lang='lat' dir='ltr'><strong>aliorum</strong></span> 
     </span>
     <span class='ocr_line' id='line_1_25' title="bbox 274 4015 1856 4131; baseline -0.005 -25"><span class='ocrx_word' id='word_1_191' title='bbox 274 4025 534 4108; x_wconf 87' lang='lat' dir='ltr'><strong>auctoritate.</strong></span> <span class='ocrx_word' id='word_1_192' title='bbox 576 4017 916 4128; x_wconf 87' lang='lat' dir='ltr'><strong>confirmarem,</strong></span> <span class='ocrx_word' id='word_1_193' title='bbox 963 4018 1112 4104; x_wconf 92' lang='lat' dir='ltr'><strong>omnia</strong></span> <span class='ocrx_word' id='word_1_194' title='bbox 1155 4043 1266 4131; x_wconf 91' lang='lat' dir='ltr'><strong>quae</strong></span> <span class='ocrx_word' id='word_1_195' title='bbox 1316 4015 1425 4098; x_wconf 89' lang='lat' dir='ltr'><strong>mihi</strong></span> <span class='ocrx_word' id='word_1_196' title='bbox 1470 4016 1675 4127; x_wconf 89' lang='lat' dir='ltr'><strong>patebant</strong></span> <span class='ocrx_word' id='word_1_197' title='bbox 1722 4047 1856 4130; x_wconf 86' lang='lat' dir='ltr'><strong>opera</strong></span> 
     </span>
     <span class='ocr_line' id='line_1_26' title="bbox 272 4156 1857 4279; baseline -0.005 -30"><span class='ocrx_word' id='word_1_198' title='bbox 272 4164 425 4250; x_wconf 89' lang='lat' dir='ltr'><strong>sedulo</strong></span> <span class='ocrx_word' id='word_1_199' title='bbox 462 4165 687 4268; x_wconf 91' lang='lat' dir='ltr'><strong>consului,</strong></span> <span class='ocrx_word' id='word_1_200' title='bbox 735 4191 877 4279; x_wconf 91' lang='lat' dir='ltr'><strong>neque</strong></span> <span class='ocrx_word' id='word_1_201' title='bbox 913 4191 1043 4265; x_wconf 87' lang='lat' dir='ltr'><strong>vero,</strong></span> <span class='ocrx_word' id='word_1_202' title='bbox 1087 4160 1171 4245; x_wconf 92' lang='lat' dir='ltr'><strong>nisi</strong></span> <span class='ocrx_word' id='word_1_203' title='bbox 1207 4157 1325 4273; x_wconf 87' lang='lat' dir='ltr'><strong>apud</strong></span> <span class='ocrx_word' id='word_1_204' title='bbox 1367 4158 1446 4244; x_wconf 87' lang='lat' dir='ltr'><strong>cel.</strong></span> <span class='ocrx_word' id='word_1_205' title='bbox 1476 4157 1657 4271; x_wconf 82' lang='lat' dir='ltr'><strong>Compar</strong></span> <span class='ocrx_word' id='word_1_206' title='bbox 1679 4156 1739 4274; x_wconf 68' lang='lat'><strong>⁴¹¹),</strong></span> <span class='ocrx_word' id='word_1_207' title='bbox 1780 4159 1857 4242; x_wconf 91' lang='lat' dir='ltr'><strong>do·</strong></span> 
     </span>
     <span class='ocr_line' id='line_1_27' title="bbox 275 4301 1859 4421; baseline -0.005 -30"><span class='ocrx_word' id='word_1_208' title='bbox 275 4331 577 4392; x_wconf 90' lang='lat' dir='ltr'><strong>cumentorum</strong></span> <span class='ocrx_word' id='word_1_209' title='bbox 621 4303 675 4391; x_wconf 92' lang='lat' dir='ltr'><strong>de</strong></span> <span class='ocrx_word' id='word_1_210' title='bbox 713 4305 792 4389; x_wconf 90' lang='lat' dir='ltr'><strong>hac</strong></span> <span class='ocrx_word' id='word_1_211' title='bbox 829 4336 875 4389; x_wconf 90' lang='lat' dir='ltr'><strong>re</strong></span> <span class='ocrx_word' id='word_1_212' title='bbox 918 4303 1089 4421; x_wconf 87' lang='lat' dir='ltr'><strong>aliquid</strong></span> <span class='ocrx_word' id='word_1_213' title='bbox 1130 4305 1292 4387; x_wconf 84' lang='lat' dir='ltr'><strong>inveni.</strong></span> <span class='ocrx_word' id='word_1_214' title='bbox 1353 4301 1444 4412; x_wconf 90' lang='lat' dir='ltr'><strong>Qui</strong></span> <span class='ocrx_word' id='word_1_215' title='bbox 1476 4302 1749 4414; x_wconf 85' lang='lat' dir='ltr'><strong>gravissimus</strong></span> <span class='ocrx_word' id='word_1_216' title='bbox 1786 4331 1859 4384; x_wconf 91' lang='lat' dir='ltr'><strong>au-</strong></span> 
     </span>
     <span class='ocr_line' id='line_1_28' title="bbox 274 4442 1860 4566; baseline -0.006 -34"><span class='ocrx_word' id='word_1_217' title='bbox 274 4472 397 4550; x_wconf 92' lang='lat' dir='ltr'><strong>ctor,</strong></span> <span class='ocrx_word' id='word_1_218' title='bbox 442 4447 559 4566; x_wconf 81' lang='lat' dir='ltr'><strong>Equi</strong></span> <span class='ocrx_word' id='word_1_219' title='bbox 604 4448 764 4530; x_wconf 87' lang='lat' dir='ltr'><strong>Zebrue</strong></span> <span class='ocrx_word' id='word_1_220' title='bbox 809 4445 1095 4531; x_wconf 89' lang='lat' dir='ltr'><strong>dentitionem</strong></span> <span class='ocrx_word' id='word_1_221' title='bbox 1137 4444 1244 4529; x_wconf 90' lang='lat' dir='ltr'><strong>Tab.</strong></span> <span class='ocrx_word' id='word_1_222' title='bbox 1286 4442 1461 4530; x_wconf 86' lang='lat' dir='ltr'><em>XXVI.</em></span> <span class='ocrx_word' id='word_1_223' title='bbox 1509 4444 1600 4552; x_wconf 83' lang='lat' dir='ltr'><strong>Fig.</strong></span> <span class='ocrx_word' id='word_1_224' title='bbox 1648 4473 1682 4525; x_wconf 92' lang='lat'><strong>1.</strong></span> <span class='ocrx_word' id='word_1_225' title='bbox 1732 4472 1860 4554; x_wconf 77' lang='lat' dir='ltr'><strong>erpo-</strong></span> 
     </span>
     <span class='ocr_line' id='line_1_29' title="bbox 274 4581 1861 4700; baseline -0.004 -28"><span class='ocrx_word' id='word_1_226' title='bbox 274 4621 404 4693; x_wconf 90' lang='lat' dir='ltr'><strong>nens,</strong></span> <span class='ocrx_word' id='word_1_227' title='bbox 454 4591 575 4694; x_wconf 85' lang='lat' dir='ltr'><strong>denti</strong></span> <span class='ocrx_word' id='word_1_228' title='bbox 616 4592 771 4673; x_wconf 86' lang='lat' dir='ltr'><strong>canino</strong></span> <span class='ocrx_word' id='word_1_229' title='bbox 817 4586 983 4672; x_wconf 92' lang='lat' dir='ltr'><strong>caduco</strong></span> <span class='ocrx_word' id='word_1_230' title='bbox 1024 4612 1171 4672; x_wconf 90' lang='lat' dir='ltr'><strong>notam</strong></span> <span class='ocrx_word' id='word_1_231' title='bbox 1209 4589 1249 4690; x_wconf 72' lang='grc'><strong>4.</strong></span> <span class='ocrx_word' id='word_1_232' title='bbox 1292 4586 1523 4700; x_wconf 87' lang='lat' dir='ltr'><strong>inscripsit.</strong></span> <span class='ocrx_word' id='word_1_233' title='bbox 1587 4584 1645 4671; x_wconf 87' lang='lat' dir='ltr'><strong>Et</strong></span> <span class='ocrx_word' id='word_1_234' title='bbox 1684 4591 1719 4667; x_wconf 88' lang='lat' dir='ltr'><strong>si</strong></span> <span class='ocrx_word' id='word_1_235' title='bbox 1756 4581 1861 4694; x_wconf 85' lang='lat' dir='ltr'><strong>figu-</strong></span> 
     </span>
     <span class='ocr_line' id='line_1_30' title="bbox 274 4705 1857 4848; baseline -0.003 -36"><span class='ocrx_word' id='word_1_236' title='bbox 274 4761 373 4831; x_wconf 90' lang='lat' dir='ltr'><strong>rae,</strong></span> <span class='ocrx_word' id='word_1_237' title='bbox 416 4756 678 4845; x_wconf 86' lang='lat' dir='ltr'><strong>properante</strong></span> <span class='ocrx_word' id='word_1_238' title='bbox 718 4759 855 4815; x_wconf 83' lang='lat' dir='ltr'><strong>manu.</strong></span> <span class='ocrx_word' id='word_1_239' title='bbox 890 4729 1160 4836; x_wconf 88' lang='lat' dir='ltr'><strong>delineatae,</strong></span> <span class='ocrx_word' id='word_1_240' title='bbox 1206 4729 1319 4816; x_wconf 84' lang='lat' dir='ltr'><strong>sorte</strong></span> <span class='ocrx_word' id='word_1_241' title='bbox 1349 4725 1588 4848; x_wconf 80' lang='lat' dir='ltr'><strong>diffidens,</strong></span> <span class='ocrx_word' id='word_1_242' title='bbox 1639 4731 1762 4810; x_wconf 87' lang='lat' dir='ltr'><strong>euius</strong></span> <span class='ocrx_word' id='word_1_243' title='bbox 1800 4705 1857 4810; x_wconf 90' lang='lat' dir='ltr'><strong>li-</strong></span> 
     </span>
    </p>
   </div>
   <div class='ocr_carea' id='block_1_3' title="bbox 309 5043 1158 5132">
    <p class='ocr_par' dir='ltr' id='par_1_5' title="bbox 309 5043 1158 5132">
     <span class='ocr_line' id='line_1_31' title="bbox 309 5043 1158 5132; baseline 0.018 -32"><span class='ocrx_word' id='word_1_244' title='bbox 309 5045 344 5121; x_wconf 79' lang='grc'><strong>.*)</strong></span> <span class='ocrx_word' id='word_1_245' title='bbox 369 5043 507 5106; x_wconf 81' lang='lat' dir='ltr'><strong>Oeuvres</strong></span> <span class='ocrx_word' id='word_1_246' title='bbox 529 5048 569 5108; x_wconf 87' lang='lat' dir='ltr'><strong>de</strong></span> <span class='ocrx_word' id='word_1_247' title='bbox 580 5048 702 5116; x_wconf 74' lang='lat' dir='ltr'><strong>,Pistre</strong></span> <span class='ocrx_word' id='word_1_248' title='bbox 725 5045 880 5132; x_wconf 73' lang='lat' dir='ltr'><strong>Compar,</strong></span> <span class='ocrx_word' id='word_1_249' title='bbox 914 5047 1044 5110; x_wconf 78' lang='lat' dir='ltr'><strong>t&#39;r&#39;Parir</strong></span> <span class='ocrx_word' id='word_1_250' title='bbox 1070 5054 1158 5117; x_wconf 75' lang='lat'>1803.</span> 
     </span>
    </p>
   </div>
   <div class='ocr_carea' id='block_1_4' title="bbox 0 0 2417 6132">
    <p class='ocr_par' dir='ltr' id='par_1_6' title="bbox 0 0 2417 6132">
     <span class='ocr_line' id='line_1_32' title="bbox 0 0 2417 6132; baseline 0 0"><span class='ocrx_word' id='word_1_251' title='bbox 0 0 2417 6132; x_wconf 95' lang='lat' dir='ltr'><strong> </strong></span> 
     </span>
    </p>
   </div>
  </div>
 </body>
</html>
