4809 6142
530 582 577 653 de
601 578 769 655 ubertate
783 582 974 675 frumenti
996 583 1228 679 temperiem
1252 582 1533 680 untiquieaimia.
1750 592 1826 673 849

236 800 309 903 lo,
361 820 457 885 eta
497 820 618 913 parte
660 800 795 886 altera
835 799 926 913 iugi
966 828 1052 887 anu
1091 830 1317 889 vomerem
1357 798 1585 909 trahente,
1632 799 1823 893 vidimus
1906 854 1911 863 ·

236 937 381 1026 scindi
399 934 484 1054 ἣν
1510 929 1512 933 ι

351 1082 419 1179 De
461 1080 731 1171 fecunditate
763 1083 890 1174 Asiae
931 1086 1038 1174 haec
1078 1087 1352 1176 aCicerone
1394 1112 1495 1187 sunt
1527 1087 1662 1177 dicta:
1698 1088 1827 1177 »Asia

237 1248 323 1323 tam
356 1225 521 1339 optima
551 1250 615 1312 est
639 1230 969 1341 provinciarum
985 1293 1000 1335 ,
1033 1252 1077 1315 et
1105 1228 1291 1335 fertilis,
1324 1254 1373 1317 ut
1404 1254 1448 1318 et
1477 1230 1676 1319 ubertate
1703 1260 1828 1344 agro·

238 1396 338 1451 rum
369 1389 419 1451 et·
441 1369 646 1454 varietate
676 1368 935 1475 fructuum,
973 1395 1016 1458 et
1047 1371 1346 1486 magnitudine
1376 1375 1609 1487 pastionis,
1643 1396 1685 1459 et
1715 1373 1828 1458 mul·

237 1507 425 1597 titudine
453 1542 604 1598 earnm
637 1544 810 1621 rerum,
851 1545 963 1632 quae
996 1539 1309 1631 exportantur,
1349 1516 1480 1607 facile
1512 1516 1715 1605 omnibus
1747 1540 1830 1603 ter·

238 1654 298 1737 ris
327 1654 558 1743 antecellat
580 1652 695 1772 *ἢκ

354 1795 474 1883 Haec
516 1828 723 1885 arvorum
759 1799 945 1889 felicitas
975 1831 1001 1886 a
1031 1802 1337 1890 recentissimis
1364 1803 1616 1922 quibusque
1643 1802 1832 1889 auctori·

238 1936 347 2044 bus,
390 1940 469 2057 qui
510 1939 557 2025 in
595 1940 720 2029 hasce
761 1966 896 2030 terras
936 1967 1039 2033 sunt
1074 1946 1294 2061 profecti,
1338 1980 1427 2035 uno
1466 1976 1542 2034 ore
1574 1942 1831 2031 confirmata

239 2103 315 2164 est.
377 2080 497 2166 Inter
529 2079 606 2167 hos
633 2082 946 2171 celeberrimus
975 2086 1051 2171 ille
1081 2085 1280 2173 Niebuhr
1311 2088 1514 2201 plurimis
1547 2090 1591 2170 in
1623 2086 1732 2170 locis
1765 2112 1832 2169 re·

238 2220 349 2324 sert,
392 2222 517 2335 quod
556 2254 714 2309 messes
758 2250 953 2334 segetum
989 2231 1216 2328 universe,
1264 2227 1342 2311 sed
1389 2226 1503 2312 illud
1550 2228 1611 2309 aie
1663 2225 1833 2309 dictum

235 2363 384 2448 Durra
409 2362 514 2470 Μ)
539 2364 813 2484 specialiter,
845 2393 947 2450 cum
977 2365 1215 2463 centesimo
1247 2388 1290 2452 et
1315 2394 1634 2483 nonnunquam
1663 2366 1832 2451 maiore

242 2503 422 2589 faenore
453 2506 499 2587 in
525 2502 723 2617 Aegypto
757 2502 1134 2620 orientalibnsque
1166 2507 1418 2617 regionibus
1448 2506 1568 2592 haud
1599 2536 1699 2591 raro
1732 2505 1833 2590 red·

240 2642 402 2729 dantur
422 2640 484 2759 †).
547 2645 771 2768 Granger,
803 2646 959 2760 quiin
991 2644 1237 2759 Aegyptum
1269 2676 1382 2730 anno
1414 2646 1648 2733 millesimo
1668 2645 1832 2760 septin-

240 2786 480 2899 gentesimo
510 2786 732 2899 trigesimo
761 2785 983 2902 profectus
1014 2809 1094 2890 est,
1127 2786 1253 2873 hasce
1285 2788 1524 2874 memoriae
1555 2787 1740 2874 tradidit
1767 2818 1834 2872 rc·
1966 2804 1969 2813 '

240 2925 422 3013 lotiones
454 2926 533 3013 hac
565 2928 621 3015 de
653 2958 721 3013 re:
760 2929 981 3042 Aegyptus
1012 2959 1163 3014 omnes
1194 2934 1265 3015 vix
1290 2904 1457 3015 incolae
1488 2930 1565 3015 alit
1596 2930 1758 3035 tritico,
1794 2928 1831 3013 ai

244 3140 552 3158 m

302 3232 330 3309 ‘)
352 3231 400 3294 id.
420 3232 524 3300 xvtt.
546 3234 623 3319 Cap.
633 3234 675 3295 V.

288 3342 333 3424 *“)
356 3338 428 3409 Cic.
450 3348 529 3407 orat.
551 3363 611 3427 pro
634 3341 706 3426 lege
728 3340 883 3420 Manilia,
921 3340 1066 3426 cap.v1.

269 3448 336 3526 m)
356 3449 463 3510 Dnrra
486 3456 534 3511 ert
554 3448 635 3512 Maia
656 3449 843 3532 quoddam,
866 3448 986 3510 minori
1008 3446 1245 3532 magnitudine.

298 3554 664 3639 †)1nterplnraheeo
686 3556 756 3631 eine
777 3565 854 3619 aunt
875 3555 993 3619 rerba:
1023 3555 1092 3617 Der
1108 3555 1275 3617 Aelrerbau
1294 3554 1415 3617 scierint
1440 3554 1475 3615 in
1496 3552 1556 3619 der
1579 3556 1739 3637 bergigtert
1768 3554 1832 3619 Ge·

362 3658 450 3742 gend
471 3682 531 3724 von
550 3660 650 3723 Sama
672 3663 747 3725 retr
765 3663 850 3727 boch
869 3663 1029 3742 gerricbert
1053 3682 1092 3723 eu
1118 3680 1217 3738 seyn,·
1245 3659 1330 3721 deon
1353 3660 1492 3724 darelbrt
1518 3661 1609 3724 iro'rte
1629 3661 1683 3723 icit
1703 3664 1739 3724 in
1760 3662 1832 3723 dem

354 3768 600 3849 fructetbarsten
618 3768 794 3827 Komamte
810 3768 967 3847 Dsjiibta,
988 3768 1165 3844 ingteictrcrr
1181 3768 1217 3823 in
1235 3766 1294 3825 der
1313 3766 1445 3845 Gegertd
1464 3786 1524 3827 von
1542 3766 1658 3841 Sama,
1680 3768 1756 3828 durs
1773 3768 1833 3828 'der

365 3873 506 3934 Waizert
525 3870 690 3932 birweiten
705 3868 954 3957 sunfzigsaltt'g,
982 3871 1082 3931 seiten
1103 3869 1180 3932 aber
1199 3882 1292 3931 uerter
1308 3869 1484 3953 zehnsaltr'g
1501 3874 1588 3953 gebe.
1635 3874 1704 3933 Der
1722 3874 1833 3935 Drirra

360 3980 423 4041 roll
444 3978 514 4041 sicit
539 3973 574 4038 iri
600 3977 661 4039 der
679 3979 839 4059 bergigtcn
857 3975 990 4058 Gegcnd
1009 3977 1099 4037 meter
1118 3975 1258 4038 tundere
1276 3975 1603 4061 undsunszigsaltig,
1633 3981 1668 4041 in
1694 3980 1832 4041 Tehama

364 4088 463 4161 aber,
483 4086 548 4148 wic
566 4087 650 4147 mich
670 4083 890 4148 verschiederre
908 4086 1072 4148 Personae
1087 4082 1266 4146 versichert
1280 4085 1403 4157 tehen,
1424 4084 1669 4159 zweiirundert,
1691 4086 1759 4146 und
1770 4087 1832 4149 bis·

363 4197 482 4271 weilen
498 4190 798 4276 vierlrurtdertfaltig
818 4194 1008 4255 vermeirrert.
1049 4191 1145 4253 Diere
1163 4190 1291 4253 tetztere
1310 4192 1433 4255 Fructrt
1448 4193 1509 4254 roll
1529 4193 1610 4253 auch
1628 4194 1664 4253 in
1680 4192 1831 4267 Tetroma,

363 4303 519 4366 uachdem
532 4305 579 4365 sie
598 4301 715 4364 einmal
728 4302 925 4382 gerchnitten
947 4301 1013 4374 ist,
1040 4300 1125 4365 trocir
1143 4319 1215 4361 zum
1232 4300 1386 4374 zwciteu,
1412 4302 1451 4382 ja
1466 4322 1527 4382 gar
1546 4322 1617 4363 zum
1634 4300 1752 4361 dritten
1767 4300 1832 4361 mul

247 4450 252 4459 ·
362 4410 490 4473 wieder
504 4392 720 4473 ausschiesreri
728 4454 741 4483 ,
766 4408 836 4471 und
847 4406 920 4493 reis
930 4407 1075 4477 werden.
1121 4408 1232 4471 Wcrtn
1252 4408 1319 4470 also
1341 4407 1402 4469 der
1416 4410 1527 4469 Drirra
1545 4410 1626 4469 nacla
1648 4409 1735 4468 einer
1752 4404 1831 4471 Saat

363 4518 504 4581 dreimal
525 4518 720 4600 geschnitten
743 4515 877 4578 werden
903 4515 1010 4591 kann,
1042 4535 1079 4579 ro
1102 4516 1145 4576 itt
1173 4516 1243 4577 cirre
1266 4512 1587 4596 uierlrundertsattige
1613 4511 1832 4592 Vermelrrurrg

362 4626 527 4689 desselben
541 4625 634 4688 wohl
650 4625 737 4688 nicae
752 4644 832 4705 ganz
848 4623 1168 4690 umatrscteintict.
1209 4623 1278 4684 Dar
1290 4620 1511 4704 sructrtbarste
1524 4619 1696 4694 Erdreictr,
1717 4638 1831 4680 weron
1933 4676 1936 4683 .

363 4736 417 4797 icit
425 4733 543 4817 jemalr
565 4732 643 4794 trabe
661 4731 760 4795 reden
776 4732 897 4807 hiirert,
919 4731 962 4793 irt
976 4728 1030 4792 die
1043 4729 1176 4813 Gegeud
1189 4752 1243 4793 um
1251 4730 1474 4791 Alexandrien
1496 4732 1530 4790 ire
1540 4731 1715 4813 Aegypton.
1746 4724 1831 4786 Hier

364 4844 428 4905 roll
451 4843 512 4905 der
528 4840 689 4917 Waizert,
715 4841 797 4903 nach
818 4841 891 4903 dem
907 4840 1053 4902 Bericirte
1074 4839 1133 4902 der
1152 4840 1186 4900 in
1209 4840 1318 4901 dieser
1339 4837 1434 4899 Stadt
1452 4835 1663 4919 wohnhostert
1682 4833 1831 4920 europeii·

364 4952 459 5014 sciren
477 4948 652 5033 Kaufleute
659 4995 672 5024 ,
695 4947 943 5032 hundertfaitige
959 4946 1080 5009 Frucirt
1096 4949 1247 5027 bringen,
1278 4945 1348 5008 tend
1364 4946 1439 5007 elren
1458 4944 1560 5006 dieser
1575 4946 1619 5006 ist
1633 4944 1714 5004 auch
1734 4942 1831 5005 echert

365 5077 430 5118 von
449 5058 536 5122 altere
555 5054 811 5141 Sctrristrtelterrt
830 5053 966 5117 hemerlrt
982 5053 1130 5120 worden.
1172 5054 1340 5128 Niebuhr,
1368 5053 1497 5115 Besctrr.
1514 5071 1579 5114 cort
1599 5050 1697 5112 Amo.
1722 5048 1788 5126 154.
