4809 6142
590 620 651 667 xvl

595 805 657 866 Dic
679 805 924 889 Physiognomie
946 809 1002 871 des
1021 811 1296 900 Pflansersreieises
1321 816 1357 875 in
1381 815 1494 877 Brasi-

677 911 756 985 lien,
778 913 944 976 eineRede
960 935 1028 983 ses.
1043 938 1104 991 w„
1129 937 1189 979 von
1206 917 1266 981 Dr.
1280 917 1314 985 0.
1330 918 1368 979 F.
1383 919 1423 982 P.
1435 939 1495 982 von
1573 927 1707 996 Auotor.
1745 949 1770 971 ·’

680 1017 873 1086 Martius.
914 1021 1188 1101 assuescentes

595 1183 862 1265 Baobachtungen
872 1185 942 1247 und
951 1186 1185 1269 Bemerlsungen
1201 1211 1259 1251 our
1275 1188 1335 1251 der
1346 1188 1495 1254 Geburts-

677 1288 765 1371 lsiilse
789 1289 857 1350 und
875 1291 1103 1371 gerichtlicisen
1119 1293 1276 1357 Medicis.
1316 1295 1399 1359 Eine
1412 1295 1496 1357 Zeit-

679 1393 812 1476 schrift,
843 1398 1093 1478 hcrausgegeben
1112 1420 1171 1461 von
1193 1401 1253 1461 Dr.
1276 1399 1314 1461 L.
1336 1401 1379 1463 M
1383 1401 1497 1469 ende.

679 1501 793 1564 Erstss
813 1505 999 1567 Bdndchers.
1045 1506 1217 1588 Gottingen
1242 1508 1330 1586 1824.

1575 1349 1707 1414 Auctor.

594 1665 625 1752 d.
654 1667 690 1733 L.
720 1666 875 1750 Riihlings
910 1669 1148 1732 Deutsehlends
1176 1672 1286 1735 Flora.
1339 1675 1431 1736 Neris
1449 1677 1497 1736 ei-

492 1771 495 1778 ’
677 1797 751 1837 nem
777 1775 991 1838 verenderten
1015 1777 1085 1838 und
1102 1781 1306 1842 erweiterters
1326 1782 1426 1844 Plane
1446 1785 1496 1846 be·

678 1880 814 1942 arbeitet
841 1901 900 1943 von
927 1882 988 1948 Dr.
1013 1882 1050 1943 F.
1070 1881 1103 1950 0.
1124 1883 1165 1944 M
1169 1898 1308 1946 ertens
1316 1930 1329 1960 ,
1351 1887 1420 1948 und
1434 1889 1495 1954 Dr.
1574 1896 1739 1962 Auctoreo.

676 1988 725 2054 M.
743 1989 786 2054 D.
802 1988 835 2056 J.
855 1989 984 2063 Koch,
1006 1991 1055 2056 M.
1069 1990 1102 2058 d.
1121 1989 1160 2052 A.
1180 1990 1268 2055 dlv.
1306 1994 1495 2064 1.Bd.1.u.

678 2096 813 2164 2.Abtt.
845 2095 980 2182 Franks.
995 2123 1024 2166 a.
1039 2099 1087 2165 M.
1113 2101 1202 2163 1823.

598 2261 769 2346 Caspari
790 2263 961 2348 Georgii
982 2263 1399 2348 CaroliReinwardt,
1415 2271 1493 2333 Oru-

679 2370 726 2433 tio
753 2370 793 2434 de
818 2374 955 2450 ardore,
990 2393 1055 2455 quo
1079 2372 1233 2435 historiae
1252 2376 1427 2456 naturalis,
1460 2387 1493 2440 et

677 2476 836 2560 imprimis
864 2477 1035 2540 Botanioes
1067 2479 1209 2542 cultores
1240 2479 1275 2541 in
1306 2503 1363 2544 sua
1386 2484 1493 2547 studio

677 2585 840 2652 feruntur.
884 2587 1085 2651 Harderviei.
1111 2587 1199 2654 1801.

596 2724 636 2737 -
657 2725 698 2738 -
720 2692 834 2754 Oratio
858 2692 902 2755 de
930 2693 1076 2756 chemise
1102 2704 1134 2757 et
1159 2695 1312 2759 historiae
1339 2697 1494 2761 naturalis

678 2800 794 2863 studiis
808 2811 897 2865 recte
912 2802 1129 2872 instituendis.
1151 2802 1381 2867 Amstelodami
1395 2805 1484 2872 1810.

555 2919 557 2924 ⁵
597 2962 637 2978 -
661 2965 701 2978 -
726 2932 839 2995 Oratio
856 2931 896 2996 de
912 2932 1105 3017 augmentis,
1127 2955 1212 3018 quse
1227 2934 1380 2999 historiae
1398 2947 1493 2998 natu-

676 3040 738 3101 rali
775 3062 816 3102 ex
848 3039 960 3103 indiae
994 3039 1244 3124 investigatione
1277 3055 1493 3109 accesserunt.

676 3146 830 3230 Lugduni
849 3148 1042 3212 Batavorum
1068 3151 1154 3217 1823.

593 3302 769 3386 Botnnique
790 3303 964 3380 medicale,
991 3328 1034 3370 ou
1055 3310 1186 3371 histoire
1206 3312 1361 3373 naturelle
1387 3328 1417 3374 et
1431 3315 1494 3374 md·

678 3408 782 3470 dicale
802 3410 858 3472 des
873 3412 1092 3476 Me'dicamcm
1100 3461 1113 3490 ,
1145 3417 1200 3476 des
1223 3417 1357 3482 Poisorss
1378 3434 1409 3482 et
1436 3421 1492 3483 des

677 3516 820 3580 Alimens
836 3564 850 3592 ,
891 3521 971 3582 tire's
1008 3520 1052 3581 du
1090 3522 1196 3603 Rdgne
1244 3524 1388 3606 segbruk
1429 3552 1493 3614 pur

676 3626 863 3691 Achille
886 3629 1093 3704 Richard,
1133 3632 1193 3698 Dr.
1229 3654 1269 3694 en
1299 3633 1492 3711 Me'deeine,

675 3731 941 3796 Demonstrateur
955 3737 995 3796 dc
1011 3738 1185 3821 Botarn'qne
1205 3741 1225 3800 d
1246 3741 1279 3801 la
1297 3743 1429 3806 Faculte'
1450 3745 1490 3807 de

677 3840 847 3904 Me'decine
881 3843 921 3903 de
952 3844 1048 3907 Puris
1073 3858 1130 3912 etc.
1176 3848 1343 3910 Premidre
1370 3850 1491 3920 Partis.

681 3947 812 4010 &Paris
835 3949 927 4016 1823.

591 4077 803 4142 Enumeratio
819 4081 1091 4166 Euphorbiarum,
1115 4105 1199 4169 quae
1217 4088 1252 4150 in
1270 4091 1442 4154 Germanis
1460 4103 1492 4157 et

676 4186 846 4250 Pannonia
869 4187 1056 4274 gignuntur.
1104 4193 1247 4260 Auctore
1267 4197 1389 4264 lounne
1410 4201 1492 4265 Roe·

675 4313 748 4376 per.
773 4296 817 4357 M.
839 4297 880 4365 D.
916 4299 1089 4383 Gottingae
1111 4301 1199 4380 1824.
1231 4373 1234 4376 ⁴

591 4423 888 4509 Bhagavad·Gite,
922 4430 1020 4495 idest
1041 4437 1301 4501 ΘΕΣΠΕΣῙΟΝ
1320 4445 1490 4520 ΜΕΛΟΣ,

674 4532 743 4596 sive
758 4534 834 4595 almi
849 4537 1011 4603 Krishnae
1026 4549 1058 4602 et
1073 4541 1215 4626 Arjunae
1231 4546 1433 4632 eoiioquium
1449 4551 1489 4615 de

674 4641 771 4704 rebus
796 4641 934 4726 divinis,
965 4647 1142 4713 Bharatene
1163 4651 1356 4736 episndinm.
1407 4661 1491 4723 Tex-

674 4758 744 4811 tum
769 4751 952 4833 recensuit,
982 4754 1211 4821 adnotationes
1229 4759 1358 4825 eritieas
1382 4774 1416 4826 et
1439 4765 1489 4826 in·
1567 4781 1698 4852 Auctor,

672 4857 938 4939 terpretationem
951 4862 1087 4926 latinam
1100 4864 1220 4950 adjecit
1235 4868 1400 4954 Angustus
1410 4874 1488 4935 Gui-

674 4962 830 5027 lelmusa
853 4966 1015 5054 Sehiegei.
1056 4970 1098 5036 ln
1121 4974 1297 5040 Academia
1321 4979 1493 5046 Berussieu

675 5069 830 5136 rhenano.
863 5075 952 5144 1825,

1569 4234 1702 4299 Auctor.
