<?xml version="1.0" encoding="UTF-8"?>
<!DOCTYPE html PUBLIC "-//W3C//DTD XHTML 1.0 Transitional//EN"
    "http://www.w3.org/TR/xhtml1/DTD/xhtml1-transitional.dtd">
<html xmlns="http://www.w3.org/1999/xhtml" xml:lang="en" lang="en">
 <head>
  <title>
</title>
<meta http-equiv="Content-Type" content="text/html;charset=utf-8" />
  <meta name='ocr-system' content='tesseract 3.04.00' />
  <meta name='ocr-capabilities' content='ocr_page ocr_carea ocr_par ocr_line ocrx_word'/>
</head>
<body>
  <div class='ocr_page' id='page_1' title='image "./novaactaphysico04curigoog/novaactaphysico04curigoog_0427.png"; bbox 0 0 4809 6142; ppageno 0'>
   <div class='ocr_carea' id='block_1_1' title="bbox 811 612 1857 692">
    <p class='ocr_par' dir='ltr' id='par_1_1' title="bbox 811 612 1857 692">
     <span class='ocr_line' id='line_1_1' title="bbox 811 612 1857 692; baseline -0.003 -4"><span class='ocrx_word' id='word_1_1' title='bbox 811 617 971 692; x_wconf 77' lang='lat' dir='ltr'><strong><em>Plantae</em></strong></span> <span class='ocrx_word' id='word_1_2' title='bbox 1001 615 1297 692; x_wconf 74' lang='lat' dir='ltr'><strong>curtnamemn.</strong></span> <span class='ocrx_word' id='word_1_3' title='bbox 1781 612 1857 690; x_wconf 74' lang='lat'><strong>77³</strong></span> 
     </span>
    </p>
   </div>
   <div class='ocr_carea' id='block_1_2' title="bbox 250 831 1947 2092">
    <p class='ocr_par' dir='ltr' id='par_1_2' title="bbox 380 831 1021 948">
     <span class='ocr_line' id='line_1_2' title="bbox 380 831 1021 948; baseline 0.005 -31"><span class='ocrx_word' id='word_1_4' title='bbox 380 831 570 948; x_wconf 81' lang='lat' dir='ltr'><strong>Cyperus</strong></span> <span class='ocrx_word' id='word_1_5' title='bbox 599 831 863 920; x_wconf 84' lang='lat' dir='ltr'><strong>autumnalis</strong></span> <span class='ocrx_word' id='word_1_6' title='bbox 876 927 879 934; x_wconf 64' lang='grc'>,</span> <span class='ocrx_word' id='word_1_7' title='bbox 892 834 1021 922; x_wconf 87' lang='lat' dir='ltr'><strong>Vahl.</strong></span> 
     </span>
    </p>

    <p class='ocr_par' dir='ltr' id='par_1_3' title="bbox 258 969 1867 1378">
     <span class='ocr_line' id='line_1_3' title="bbox 380 969 1866 1093; baseline -0.003 -33"><span class='ocrx_word' id='word_1_8' title='bbox 380 977 651 1093; x_wconf 87' lang='lat' dir='ltr'><strong>Triqueter,</strong></span> <span class='ocrx_word' id='word_1_9' title='bbox 698 976 904 1083; x_wconf 85' lang='lat' dir='ltr'><strong>foliosus,</strong></span> <span class='ocrx_word' id='word_1_10' title='bbox 955 974 1129 1064; x_wconf 86' lang='lat' dir='ltr'><strong>anthele</strong></span> <span class='ocrx_word' id='word_1_11' title='bbox 1169 973 1412 1089; x_wconf 87' lang='lat' dir='ltr'><strong>composita</strong></span> <span class='ocrx_word' id='word_1_12' title='bbox 1451 970 1545 1056; x_wconf 86' lang='lat' dir='ltr'><strong>laxa</strong></span> <span class='ocrx_word' id='word_1_13' title='bbox 1587 969 1866 1056; x_wconf 85' lang='lat' dir='ltr'><strong>involucrum</strong></span> 
     </span>
     <span class='ocr_line' id='line_1_4' title="bbox 262 1110 1867 1236; baseline -0.002 -34"><span class='ocrx_word' id='word_1_14' title='bbox 262 1115 558 1234; x_wconf 86' lang='lat' dir='ltr'><strong>subaequaute</strong></span> <span class='ocrx_word' id='word_1_15' title='bbox 574 1179 589 1225; x_wconf 89' lang='lat'><strong><em>,</em></strong></span> <span class='ocrx_word' id='word_1_16' title='bbox 620 1118 799 1234; x_wconf 91' lang='lat' dir='ltr'><strong>spiculis</strong></span> <span class='ocrx_word' id='word_1_17' title='bbox 832 1117 1254 1236; x_wconf 79' lang='lat' dir='ltr'><strong>digitum-capitatis</strong></span> <span class='ocrx_word' id='word_1_18' title='bbox 1284 1114 1526 1219; x_wconf 85' lang='lat' dir='ltr'>subternis,</span> <span class='ocrx_word' id='word_1_19' title='bbox 1558 1111 1717 1228; x_wconf 86' lang='lat' dir='ltr'><strong>glumis</strong></span> <span class='ocrx_word' id='word_1_20' title='bbox 1740 1110 1867 1198; x_wconf 83' lang='lat' dir='ltr'><strong>obtu-</strong></span> 
     </span>
     <span class='ocr_line' id='line_1_5' title="bbox 258 1255 1713 1378; baseline -0.002 -34"><span class='ocrx_word' id='word_1_21' title='bbox 258 1261 316 1344; x_wconf 88' lang='lat' dir='ltr'><strong>sis</strong></span> <span class='ocrx_word' id='word_1_22' title='bbox 346 1261 549 1378; x_wconf 87' lang='lat' dir='ltr'><strong>muticis,</strong></span> <span class='ocrx_word' id='word_1_23' title='bbox 583 1262 776 1373; x_wconf 82' lang='lat' dir='ltr'><strong>germine</strong></span> <span class='ocrx_word' id='word_1_24' title='bbox 809 1261 989 1375; x_wconf 82' lang='lat' dir='ltr'><strong>glabro,</strong></span> <span class='ocrx_word' id='word_1_25' title='bbox 1022 1261 1134 1373; x_wconf 85' lang='lat' dir='ltr'><strong>stylo</strong></span> <span class='ocrx_word' id='word_1_26' title='bbox 1169 1255 1320 1345; x_wconf 85' lang='lat' dir='ltr'><strong>trifido</strong></span> <span class='ocrx_word' id='word_1_27' title='bbox 1352 1257 1447 1343; x_wconf 86' lang='lat' dir='ltr'><strong>basi</strong></span> <span class='ocrx_word' id='word_1_28' title='bbox 1469 1278 1713 1344; x_wconf 86' lang='lat' dir='ltr'><strong>attenuato.</strong></span> 
     </span>
    </p>

    <p class='ocr_par' dir='ltr' id='par_1_4' title="bbox 250 1397 1947 2092">
     <span class='ocr_line' id='line_1_6' title="bbox 311 1397 1863 1516; baseline -0.003 -28"><span class='ocrx_word' id='word_1_29' title='bbox 311 1401 371 1488; x_wconf 79' lang='lat' dir='ltr'><strong>C.</strong></span> <span class='ocrx_word' id='word_1_30' title='bbox 403 1402 667 1489; x_wconf 84' lang='lat' dir='ltr'><strong>autumnalis</strong></span> <span class='ocrx_word' id='word_1_31' title='bbox 696 1403 822 1496; x_wconf 87' lang='lat' dir='ltr'><strong>Vahl.</strong></span> <span class='ocrx_word' id='word_1_32' title='bbox 850 1435 997 1491; x_wconf 88' lang='lat' dir='ltr'><strong>enum.</strong></span> <span class='ocrx_word' id='word_1_33' title='bbox 1020 1404 1074 1487; x_wconf 91' lang='grc' dir='ltr'><strong>ΙΙ.</strong></span> <span class='ocrx_word' id='word_1_34' title='bbox 1106 1402 1210 1516; x_wconf 55' lang='lat' dir='ltr'><strong>pag(</strong></span> <span class='ocrx_word' id='word_1_35' title='bbox 1227 1402 1327 1489; x_wconf 79' lang='lat'><strong>318.</strong></span> <span class='ocrx_word' id='word_1_36' title='bbox 1360 1400 1487 1512; x_wconf 88' lang='lat' dir='ltr'><strong>(excl.</strong></span> <span class='ocrx_word' id='word_1_37' title='bbox 1518 1431 1671 1513; x_wconf 86' lang='lat' dir='ltr'><strong>synon.</strong></span> <span class='ocrx_word' id='word_1_38' title='bbox 1699 1397 1863 1487; x_wconf 86' lang='lat' dir='ltr'><strong>Willd.</strong></span> 
     </span>
     <span class='ocr_line' id='line_1_7' title="bbox 439 1545 1947 1659; baseline -0.001 -29"><span class='ocrx_word' id='word_1_39' title='bbox 439 1568 482 1631; x_wconf 91' lang='lat' dir='ltr'><strong>et</strong></span> <span class='ocrx_word' id='word_1_40' title='bbox 512 1545 674 1659; x_wconf 89' lang='lat' dir='ltr'><strong>Clayt.)</strong></span> <span class='ocrx_word' id='word_1_41' title='bbox 1196 1639 1199 1656; x_wconf 32' lang='grc'>1</span> <span class='ocrx_word' id='word_1_42' title='bbox 1677 1557 1680 1560; x_wconf 76' lang='grc'><strong>’</strong></span> <span class='ocrx_word' id='word_1_43' title='bbox 1940 1566 1947 1579; x_wconf 80' lang='grc'><em>·</em></span> 
     </span>
     <span class='ocr_line' id='line_1_8' title="bbox 250 1669 1870 1806; baseline 0 -32"><span class='ocrx_word' id='word_1_44' title='bbox 250 1693 257 1702; x_wconf 87' lang='grc'><strong>’</strong></span> <span class='ocrx_word' id='word_1_45' title='bbox 323 1686 370 1774; x_wconf 85' lang='lat' dir='ltr'><strong>C.</strong></span> <span class='ocrx_word' id='word_1_46' title='bbox 404 1669 630 1804; x_wconf 77' lang='lat' dir='ltr'><strong>Hnspan?</strong></span> <span class='ocrx_word' id='word_1_47' title='bbox 660 1688 825 1778; x_wconf 87' lang='lat' dir='ltr'><strong>Willd.</strong></span> <span class='ocrx_word' id='word_1_48' title='bbox 853 1719 917 1805; x_wconf 90' lang='lat' dir='ltr'><strong>sp.</strong></span> <span class='ocrx_word' id='word_1_49' title='bbox 952 1688 1012 1804; x_wconf 89' lang='lat' dir='ltr'><strong>pl.</strong></span> <span class='ocrx_word' id='word_1_50' title='bbox 1035 1687 1068 1774; x_wconf 89' lang='lat' dir='ltr'><strong>l.</strong></span> <span class='ocrx_word' id='word_1_51' title='bbox 1101 1717 1196 1806; x_wconf 85' lang='lat' dir='ltr'><strong>pag.</strong></span> <span class='ocrx_word' id='word_1_52' title='bbox 1222 1687 1321 1802; x_wconf 78' lang='lat'><strong>278.</strong></span> <span class='ocrx_word' id='word_1_53' title='bbox 1350 1685 1479 1806; x_wconf 85' lang='lat' dir='ltr'><strong>(excl.</strong></span> <span class='ocrx_word' id='word_1_54' title='bbox 1510 1681 1624 1804; x_wconf 84' lang='lat' dir='ltr'><strong>syn.)</strong></span> <span class='ocrx_word' id='word_1_55' title='bbox 1653 1682 1742 1773; x_wconf 90' lang='lat' dir='ltr'><strong>fide</strong></span> <span class='ocrx_word' id='word_1_56' title='bbox 1773 1717 1870 1802; x_wconf 92' lang='lat' dir='ltr'><strong>spe·</strong></span> 
     </span>
     <span class='ocr_line' id='line_1_9' title="bbox 437 1831 1032 1923; baseline -0.003 -6"><span class='ocrx_word' id='word_1_57' title='bbox 437 1833 612 1918; x_wconf 91' lang='lat' dir='ltr'><strong>cimiuis</strong></span> <span class='ocrx_word' id='word_1_58' title='bbox 646 1831 1032 1923; x_wconf 82' lang='lat' dir='ltr'><strong>Willdenowiani.</strong></span> 
     </span>
     <span class='ocr_line' id='line_1_10' title="bbox 349 1972 1868 2092; baseline -0.002 -31"><span class='ocrx_word' id='word_1_59' title='bbox 349 1973 515 2063; x_wconf 84' lang='lat' dir='ltr'><strong>Differt</strong></span> <span class='ocrx_word' id='word_1_60' title='bbox 535 1977 713 2092; x_wconf 90' lang='lat' dir='ltr'><strong>insuper</strong></span> <span class='ocrx_word' id='word_1_61' title='bbox 736 1975 830 2068; x_wconf 84' lang='lat' dir='ltr'><strong>nC.</strong></span> <span class='ocrx_word' id='word_1_62' title='bbox 852 1978 1025 2090; x_wconf 84' lang='lat' dir='ltr'><strong>Haspan</strong></span> <span class='ocrx_word' id='word_1_63' title='bbox 1042 1976 1174 2063; x_wconf 91' lang='lat' dir='ltr'><strong>Linn.</strong></span> <span class='ocrx_word' id='word_1_64' title='bbox 1198 1976 1330 2062; x_wconf 89' lang='lat' dir='ltr'><strong>totins</strong></span> <span class='ocrx_word' id='word_1_65' title='bbox 1350 1976 1523 2092; x_wconf 85' lang='lat' dir='ltr'><strong>plantae</strong></span> <span class='ocrx_word' id='word_1_66' title='bbox 1540 1974 1772 2078; x_wconf 76' lang='lat' dir='ltr'><strong>tenuitate,</strong></span> <span class='ocrx_word' id='word_1_67' title='bbox 1791 1972 1868 2058; x_wconf 89' lang='lat' dir='ltr'><strong>flo-</strong></span> 
     </span>
    </p>
   </div>
   <div class='ocr_carea' id='block_1_3' title="bbox 117 2116 1867 2231">
    <p class='ocr_par' dir='ltr' id='par_1_5' title="bbox 117 2116 1867 2231">
     <span class='ocr_line' id='line_1_11' title="bbox 117 2116 1867 2231; baseline -0.006 -21"><span class='ocrx_word' id='word_1_68' title='bbox 117 2203 122 2210; x_wconf 93' lang='lat'>.</span> <span class='ocrx_word' id='word_1_69' title='bbox 261 2119 390 2204; x_wconf 86' lang='lat' dir='ltr'><strong>sculis</strong></span> <span class='ocrx_word' id='word_1_70' title='bbox 407 2119 550 2218; x_wconf 77' lang='lat' dir='ltr'><strong>minus</strong></span> <span class='ocrx_word' id='word_1_71' title='bbox 567 2121 825 2223; x_wconf 86' lang='lat' dir='ltr'><strong>numerosis,</strong></span> <span class='ocrx_word' id='word_1_72' title='bbox 844 2120 1001 2231; x_wconf 86' lang='lat' dir='ltr'><strong>glumis</strong></span> <span class='ocrx_word' id='word_1_73' title='bbox 1018 2120 1311 2224; x_wconf 80' lang='lat' dir='ltr'><strong>brevioribus.</strong></span> <span class='ocrx_word' id='word_1_74' title='bbox 1333 2118 1459 2203; x_wconf 86' lang='lat' dir='ltr'><strong>Folia</strong></span> <span class='ocrx_word' id='word_1_75' title='bbox 1476 2116 1739 2230; x_wconf 84' lang='lat' dir='ltr'><strong>glaberrima</strong></span> <span class='ocrx_word' id='word_1_76' title='bbox 1754 2138 1867 2200; x_wconf 91' lang='lat' dir='ltr'><strong>sunt.</strong></span> 
     </span>
    </p>
   </div>
   <div class='ocr_carea' id='block_1_4' title="bbox 265 2256 1898 2941">
    <p class='ocr_par' dir='ltr' id='par_1_6' title="bbox 265 2256 1898 2794">
     <span class='ocr_line' id='line_1_12' title="bbox 385 2256 1865 2376; baseline 0 -35"><span class='ocrx_word' id='word_1_77' title='bbox 385 2257 635 2343; x_wconf 81' lang='lat' dir='ltr'><strong>Observatio</strong></span> <span class='ocrx_word' id='word_1_78' title='bbox 656 2258 716 2343; x_wconf 92' lang='lat' dir='ltr'><strong>ll.</strong></span> <span class='ocrx_word' id='word_1_79' title='bbox 780 2259 969 2373; x_wconf 78' lang='lat' dir='ltr'><strong>Cyperns</strong></span> <span class='ocrx_word' id='word_1_80' title='bbox 1002 2275 1278 2345; x_wconf 85' lang='lat' dir='ltr'><strong>nmentnceus</strong></span> <span class='ocrx_word' id='word_1_81' title='bbox 1307 2257 1476 2372; x_wconf 85' lang='lat' dir='ltr'><strong>Rudg.‚</strong></span> <span class='ocrx_word' id='word_1_82' title='bbox 1511 2289 1644 2376; x_wconf 90' lang='lat' dir='ltr'><strong>quem</strong></span> <span class='ocrx_word' id='word_1_83' title='bbox 1672 2260 1786 2342; x_wconf 83' lang='lat' dir='ltr'><strong>inter</strong></span> <span class='ocrx_word' id='word_1_84' title='bbox 1812 2256 1865 2344; x_wconf 85' lang='lat' dir='ltr'><strong>C.</strong></span> 
     </span>
     <span class='ocr_line' id='line_1_13' title="bbox 265 2396 1865 2513; baseline 0.001 -30"><span class='ocrx_word' id='word_1_85' title='bbox 265 2398 562 2484; x_wconf 81' lang='lat' dir='ltr'><strong>autumnalem</strong></span> <span class='ocrx_word' id='word_1_86' title='bbox 595 2422 639 2484; x_wconf 89' lang='lat' dir='ltr'><strong>et</strong></span> <span class='ocrx_word' id='word_1_87' title='bbox 664 2397 714 2486; x_wconf 87' lang='lat' dir='ltr'><strong>C.</strong></span> <span class='ocrx_word' id='word_1_88' title='bbox 740 2396 915 2513; x_wconf 88' lang='lat' dir='ltr'><strong>Haspan</strong></span> <span class='ocrx_word' id='word_1_89' title='bbox 948 2424 1191 2512; x_wconf 88' lang='lat' dir='ltr'><strong>posuerunt</strong></span> <span class='ocrx_word' id='word_1_90' title='bbox 1222 2403 1277 2486; x_wconf 85' lang='lat' dir='ltr'><strong>cl.</strong></span> <span class='ocrx_word' id='word_1_91' title='bbox 1305 2403 1361 2487; x_wconf 86' lang='lat' dir='ltr'><strong>cl.</strong></span> <span class='ocrx_word' id='word_1_92' title='bbox 1392 2402 1544 2489; x_wconf 89' lang='lat' dir='ltr'><strong>Roem.</strong></span> <span class='ocrx_word' id='word_1_93' title='bbox 1577 2425 1620 2487; x_wconf 90' lang='lat' dir='ltr'><strong>et</strong></span> <span class='ocrx_word' id='word_1_94' title='bbox 1648 2400 1865 2505; x_wconf 81' lang='lat' dir='ltr'><strong>Schultes,</strong></span> 
     </span>
     <span class='ocr_line' id='line_1_14' title="bbox 265 2537 1898 2655; baseline 0.003 -32"><span class='ocrx_word' id='word_1_95' title='bbox 265 2563 340 2624; x_wconf 83' lang='lat' dir='ltr'><strong>aut</strong></span> <span class='ocrx_word' id='word_1_96' title='bbox 368 2537 530 2653; x_wconf 85' lang='lat' dir='ltr'><strong>Papyri</strong></span> <span class='ocrx_word' id='word_1_97' title='bbox 573 2565 646 2625; x_wconf 90' lang='lat' dir='ltr'><strong>aut</strong></span> <span class='ocrx_word' id='word_1_98' title='bbox 676 2539 854 2625; x_wconf 87' lang='lat' dir='ltr'><strong>Marisci</strong></span> <span class='ocrx_word' id='word_1_99' title='bbox 899 2545 1066 2655; x_wconf 89' lang='lat' dir='ltr'><strong>species</strong></span> <span class='ocrx_word' id='word_1_100' title='bbox 1106 2574 1197 2629; x_wconf 89' lang='lat' dir='ltr'><strong>esse</strong></span> <span class='ocrx_word' id='word_1_101' title='bbox 1235 2542 1427 2630; x_wconf 88' lang='lat' dir='ltr'><strong>videtur.</strong></span> <span class='ocrx_word' id='word_1_102' title='bbox 1497 2543 1683 2628; x_wconf 90' lang='lat' dir='ltr'><strong>Culmus</strong></span> <span class='ocrx_word' id='word_1_103' title='bbox 1722 2543 1898 2628; x_wconf 84' lang='lat' dir='ltr'><strong>eiest·</strong></span> 
     </span>
     <span class='ocr_line' id='line_1_15' title="bbox 265 2679 1653 2794; baseline 0.003 -30"><span class='ocrx_word' id='word_1_104' title='bbox 265 2681 471 2786; x_wconf 78' lang='lat' dir='ltr'><strong>solimus,</strong></span> <span class='ocrx_word' id='word_1_105' title='bbox 505 2681 612 2767; x_wconf 88' lang='lat' dir='ltr'><strong>lolia</strong></span> <span class='ocrx_word' id='word_1_106' title='bbox 642 2682 821 2784; x_wconf 86' lang='lat' dir='ltr'><strong>scabra,</strong></span> <span class='ocrx_word' id='word_1_107' title='bbox 855 2683 990 2794; x_wconf 85' lang='lat' dir='ltr'><strong>stylus</strong></span> <span class='ocrx_word' id='word_1_108' title='bbox 1021 2679 1224 2790; x_wconf 86' lang='lat' dir='ltr'><strong>trifidus,</strong></span> <span class='ocrx_word' id='word_1_109' title='bbox 1256 2684 1351 2770; x_wconf 89' lang='lat' dir='ltr'><strong>basi</strong></span> <span class='ocrx_word' id='word_1_110' title='bbox 1383 2692 1653 2771; x_wconf 84' lang='lat' dir='ltr'><strong>incrassatus.</strong></span> 
     </span>
    </p>

    <p class='ocr_par' dir='ltr' id='par_1_7' title="bbox 384 2823 1864 2941">
     <span class='ocr_line' id='line_1_16' title="bbox 384 2823 1864 2941; baseline 0.001 -33"><span class='ocrx_word' id='word_1_111' title='bbox 384 2823 453 2910; x_wconf 86' lang='lat'><strong>28.</strong></span> <span class='ocrx_word' id='word_1_112' title='bbox 485 2824 683 2938; x_wconf 83' lang='lat' dir='ltr'><strong>Pnpyrus</strong></span> <span class='ocrx_word' id='word_1_113' title='bbox 708 2853 877 2910; x_wconf 84' lang='lat' dir='ltr'><strong>comosa</strong></span> <span class='ocrx_word' id='word_1_114' title='bbox 908 2825 1070 2910; x_wconf 91' lang='lat' dir='ltr'><strong>Humb.</strong></span> <span class='ocrx_word' id='word_1_115' title='bbox 1102 2827 1261 2941; x_wconf 86' lang='lat' dir='ltr'><strong>Bonpl.</strong></span> <span class='ocrx_word' id='word_1_116' title='bbox 1294 2850 1338 2912; x_wconf 88' lang='lat' dir='ltr'><strong>et</strong></span> <span class='ocrx_word' id='word_1_117' title='bbox 1368 2826 1533 2914; x_wconf 85' lang='lat' dir='ltr'><strong>Kunth.</strong></span> <span class='ocrx_word' id='word_1_118' title='bbox 1566 2857 1666 2912; x_wconf 87' lang='lat' dir='ltr'><strong>nov.</strong></span> <span class='ocrx_word' id='word_1_119' title='bbox 1698 2856 1794 2938; x_wconf 85' lang='lat' dir='ltr'><strong>gen.</strong></span> <span class='ocrx_word' id='word_1_120' title='bbox 1820 2850 1864 2910; x_wconf 91' lang='lat' dir='ltr'><strong>et</strong></span> 
     </span>
    </p>
   </div>
   <div class='ocr_carea' id='block_1_5' title="bbox 117 2963 1863 3084">
    <p class='ocr_par' dir='ltr' id='par_1_8' title="bbox 117 2963 1863 3084">
     <span class='ocr_line' id='line_1_17' title="bbox 117 2963 1863 3084; baseline 0.002 -36"><span class='ocrx_word' id='word_1_121' title='bbox 117 3011 118 3014; x_wconf 30' lang='lat'>¹</span> <span class='ocrx_word' id='word_1_122' title='bbox 264 2963 380 3080; x_wconf 79' lang='lat' dir='ltr'><strong>spl.</strong></span> <span class='ocrx_word' id='word_1_123' title='bbox 413 2965 704 3078; x_wconf 83' lang='lat' dir='ltr'><strong>pag.218.-</strong></span> <span class='ocrx_word' id='word_1_124' title='bbox 753 2963 942 3080; x_wconf 83' lang='lat' dir='ltr'><strong>Cyperus</strong></span> <span class='ocrx_word' id='word_1_125' title='bbox 965 2965 1107 3084; x_wconf 72' lang='lat' dir='ltr'><strong>affinu</strong></span> <span class='ocrx_word' id='word_1_126' title='bbox 1135 2970 1286 3057; x_wconf 88' lang='lat' dir='ltr'><strong>Roem.</strong></span> <span class='ocrx_word' id='word_1_127' title='bbox 1311 2993 1353 3055; x_wconf 89' lang='lat' dir='ltr'><strong>et</strong></span> <span class='ocrx_word' id='word_1_128' title='bbox 1372 2968 1538 3056; x_wconf 86' lang='lat' dir='ltr'><strong>Schult.</strong></span> <span class='ocrx_word' id='word_1_129' title='bbox 1564 2993 1664 3082; x_wconf 89' lang='lat' dir='ltr'><strong>syst.</strong></span> <span class='ocrx_word' id='word_1_130' title='bbox 1693 3000 1786 3081; x_wconf 81' lang='lat' dir='ltr'><strong>reg.</strong></span> <span class='ocrx_word' id='word_1_131' title='bbox 1808 2968 1863 3052; x_wconf 91' lang='grc' dir='ltr'><strong>ΙΙ.</strong></span> 
     </span>
    </p>
   </div>
   <div class='ocr_carea' id='block_1_6' title="bbox 268 3108 1106 3224">
    <p class='ocr_par' dir='ltr' id='par_1_9' title="bbox 268 3108 1106 3224">
     <span class='ocr_line' id='line_1_18' title="bbox 268 3108 1106 3224; baseline 0.002 -31"><span class='ocrx_word' id='word_1_132' title='bbox 268 3138 364 3224; x_wconf 85' lang='lat' dir='ltr'><strong>pag.</strong></span> <span class='ocrx_word' id='word_1_133' title='bbox 393 3108 490 3194; x_wconf 83' lang='lat'><strong>213.</strong></span> <span class='ocrx_word' id='word_1_134' title='bbox 1102 3157 1106 3167; x_wconf 67' lang='lat'>=</span> 
     </span>
    </p>
   </div>
   <div class='ocr_carea' id='block_1_7' title="bbox 829 3327 1350 3441">
    <p class='ocr_par' dir='ltr' id='par_1_10' title="bbox 829 3327 1350 3441">
     <span class='ocr_line' id='line_1_19' title="bbox 829 3327 1350 3441; baseline -0.008 -28"><span class='ocrx_word' id='word_1_135' title='bbox 829 3361 868 3441; x_wconf 84' lang='lat'><strong>7.</strong></span> <span class='ocrx_word' id='word_1_136' title='bbox 929 3327 1350 3415; x_wconf 75' lang='lat' dir='ltr'><strong>Rnsnrncnsn..</strong></span> 
     </span>
    </p>
   </div>
   <div class='ocr_carea' id='block_1_8' title="bbox 149 3527 1877 4931">
    <p class='ocr_par' dir='ltr' id='par_1_11' title="bbox 266 3527 1862 3788">
     <span class='ocr_line' id='line_1_20' title="bbox 384 3527 1862 3646; baseline 0.001 -32"><span class='ocrx_word' id='word_1_137' title='bbox 384 3559 454 3642; x_wconf 85' lang='lat'><strong>29.</strong></span> <span class='ocrx_word' id='word_1_138' title='bbox 483 3528 617 3640; x_wconf 83' lang='lat' dir='ltr'><strong>Xyris</strong></span> <span class='ocrx_word' id='word_1_139' title='bbox 647 3527 1009 3640; x_wconf 77' lang='lat' dir='ltr'><strong>macrocephnln?</strong></span> <span class='ocrx_word' id='word_1_140' title='bbox 1039 3527 1165 3614; x_wconf 89' lang='lat' dir='ltr'><strong>Vahl.</strong></span> <span class='ocrx_word' id='word_1_141' title='bbox 1193 3559 1341 3615; x_wconf 90' lang='lat' dir='ltr'><strong>enum.</strong></span> <span class='ocrx_word' id='word_1_142' title='bbox 1365 3529 1417 3615; x_wconf 94' lang='lat'><strong>11.</strong></span> <span class='ocrx_word' id='word_1_143' title='bbox 1449 3557 1545 3646; x_wconf 84' lang='lat' dir='ltr'><strong>pag.</strong></span> <span class='ocrx_word' id='word_1_144' title='bbox 1569 3529 1667 3632; x_wconf 69' lang='grc'><strong>204.</strong></span> <span class='ocrx_word' id='word_1_145' title='bbox 1698 3577 1758 3595; x_wconf 92' lang='grc'><strong>-</strong></span> <span class='ocrx_word' id='word_1_146' title='bbox 1802 3529 1862 3616; x_wconf 88' lang='lat' dir='ltr'><strong>X.</strong></span> 
     </span>
     <span class='ocr_line' id='line_1_21' title="bbox 266 3671 680 3788; baseline -0.012 -28"><span class='ocrx_word' id='word_1_147' title='bbox 266 3672 518 3788; x_wconf 57' lang='grc'><strong>20020021</strong></span> <span class='ocrx_word' id='word_1_148' title='bbox 557 3671 680 3756; x_wconf 82' lang='lat' dir='ltr'><strong>Lam.</strong></span> 
     </span>
    </p>

    <p class='ocr_par' dir='ltr' id='par_1_12' title="bbox 149 3811 1877 4786">
     <span class='ocr_line' id='line_1_22' title="bbox 381 3811 1865 3924; baseline 0.005 -26"><span class='ocrx_word' id='word_1_149' title='bbox 381 3814 509 3899; x_wconf 89' lang='lat' dir='ltr'><strong>Folia</strong></span> <span class='ocrx_word' id='word_1_150' title='bbox 535 3816 583 3897; x_wconf 94' lang='lat' dir='ltr'><strong>in</strong></span> <span class='ocrx_word' id='word_1_151' title='bbox 602 3815 723 3898; x_wconf 44' lang='lat' dir='ltr'><strong>wmeis</strong></span> <span class='ocrx_word' id='word_1_152' title='bbox 753 3813 1068 3924; x_wconf 83' lang='lat' dir='ltr'><strong>speciminibus</strong></span> <span class='ocrx_word' id='word_1_153' title='bbox 1099 3813 1376 3924; x_wconf 85' lang='lat' dir='ltr'><strong>longitudine</strong></span> <span class='ocrx_word' id='word_1_154' title='bbox 1409 3837 1452 3899; x_wconf 90' lang='lat' dir='ltr'><strong>et</strong></span> <span class='ocrx_word' id='word_1_155' title='bbox 1477 3811 1712 3903; x_wconf 83' lang='lat' dir='ltr'><strong>latitudine</strong></span> <span class='ocrx_word' id='word_1_156' title='bbox 1736 3817 1865 3906; x_wconf 88' lang='lat' dir='ltr'><strong>valde</strong></span> 
     </span>
     <span class='ocr_line' id='line_1_23' title="bbox 268 3952 1870 4076; baseline 0.002 -36"><span class='ocrx_word' id='word_1_157' title='bbox 268 3953 542 4070; x_wconf 82' lang='lat' dir='ltr'><strong>inaequalia3</strong></span> <span class='ocrx_word' id='word_1_158' title='bbox 576 3952 662 4036; x_wconf 85' lang='lat' dir='ltr'><strong>alia</strong></span> <span class='ocrx_word' id='word_1_159' title='bbox 691 3954 762 4038; x_wconf 84' lang='lat' dir='ltr'><strong>vix</strong></span> <span class='ocrx_word' id='word_1_160' title='bbox 792 3955 1100 4068; x_wconf 86' lang='lat' dir='ltr'><strong>semipedalia,</strong></span> <span class='ocrx_word' id='word_1_161' title='bbox 1136 3954 1244 4038; x_wconf 85' lang='lat' dir='ltr'><strong>duas</strong></span> <span class='ocrx_word' id='word_1_162' title='bbox 1277 3956 1412 4041; x_wconf 89' lang='lat' dir='ltr'><strong>lineas</strong></span> <span class='ocrx_word' id='word_1_163' title='bbox 1445 3957 1554 4062; x_wconf 88' lang='lat' dir='ltr'><strong>lata,</strong></span> <span class='ocrx_word' id='word_1_164' title='bbox 1589 3959 1674 4044; x_wconf 85' lang='lat' dir='ltr'><strong>alia</strong></span> <span class='ocrx_word' id='word_1_165' title='bbox 1702 3964 1870 4076; x_wconf 84' lang='lat' dir='ltr'><strong>sesqui·</strong></span> 
     </span>
     <span class='ocr_line' id='line_1_24' title="bbox 271 4095 1870 4217; baseline 0.004 -36"><span class='ocrx_word' id='word_1_166' title='bbox 271 4095 470 4212; x_wconf 85' lang='lat' dir='ltr'><strong>pedalia,</strong></span> <span class='ocrx_word' id='word_1_167' title='bbox 520 4097 719 4214; x_wconf 90' lang='lat' dir='ltr'><strong>quinque</strong></span> <span class='ocrx_word' id='word_1_168' title='bbox 760 4096 897 4182; x_wconf 84' lang='lat' dir='ltr'><strong>lineas</strong></span> <span class='ocrx_word' id='word_1_169' title='bbox 929 4097 1025 4182; x_wconf 86' lang='lat' dir='ltr'><strong>lata.</strong></span> <span class='ocrx_word' id='word_1_170' title='bbox 1089 4097 1217 4212; x_wconf 89' lang='lat' dir='ltr'><strong>Scapi</strong></span> <span class='ocrx_word' id='word_1_171' title='bbox 1253 4097 1372 4184; x_wconf 85' lang='lat' dir='ltr'><strong>soliis</strong></span> <span class='ocrx_word' id='word_1_172' title='bbox 1405 4099 1543 4215; x_wconf 92' lang='lat' dir='ltr'><strong>duplo</strong></span> <span class='ocrx_word' id='word_1_173' title='bbox 1575 4099 1669 4187; x_wconf 87' lang='lat' dir='ltr'><strong>sere</strong></span> <span class='ocrx_word' id='word_1_174' title='bbox 1701 4104 1870 4217; x_wconf 83' lang='lat' dir='ltr'><strong>longio-</strong></span> 
     </span>
     <span class='ocr_line' id='line_1_25' title="bbox 270 4236 1861 4354; baseline 0.004 -30"><span class='ocrx_word' id='word_1_175' title='bbox 270 4269 356 4344; x_wconf 88' lang='lat' dir='ltr'><strong>res,</strong></span> <span class='ocrx_word' id='word_1_176' title='bbox 391 4241 455 4324; x_wconf 90' lang='lat' dir='ltr'><strong>uti</strong></span> <span class='ocrx_word' id='word_1_177' title='bbox 484 4271 557 4325; x_wconf 88' lang='lat' dir='ltr'><strong>eos</strong></span> <span class='ocrx_word' id='word_1_178' title='bbox 589 4237 821 4354; x_wconf 86' lang='lat' dir='ltr'><strong>descripsit</strong></span> <span class='ocrx_word' id='word_1_179' title='bbox 847 4237 899 4324; x_wconf 88' lang='lat' dir='ltr'><strong>cl.</strong></span> <span class='ocrx_word' id='word_1_180' title='bbox 929 4236 1053 4323; x_wconf 85' lang='lat' dir='ltr'><strong>vahl.</strong></span> <span class='ocrx_word' id='word_1_181' title='bbox 1116 4238 1322 4354; x_wconf 87' lang='lat' dir='ltr'><strong>Capitula</strong></span> <span class='ocrx_word' id='word_1_182' title='bbox 1353 4239 1583 4329; x_wconf 85' lang='lat' dir='ltr'><strong>fructifera</strong></span> <span class='ocrx_word' id='word_1_183' title='bbox 1614 4274 1719 4330; x_wconf 87' lang='lat' dir='ltr'><strong>vero</strong></span> <span class='ocrx_word' id='word_1_184' title='bbox 1750 4275 1861 4330; x_wconf 89' lang='lat' dir='ltr'><strong>nuce</strong></span> 
     </span>
     <span class='ocr_line' id='line_1_26' title="bbox 149 4381 1864 4502; baseline 0.003 -35"><span class='ocrx_word' id='word_1_185' title='bbox 149 4429 156 4434; x_wconf 96' lang='lat'>·</span> <span class='ocrx_word' id='word_1_186' title='bbox 269 4383 479 4470; x_wconf 88' lang='lat' dir='ltr'><strong>Avellana</strong></span> <span class='ocrx_word' id='word_1_187' title='bbox 509 4381 628 4466; x_wconf 87' lang='lat' dir='ltr'><strong>haud</strong></span> <span class='ocrx_word' id='word_1_188' title='bbox 655 4383 822 4468; x_wconf 86' lang='lat' dir='ltr'><strong>maiora</strong></span> <span class='ocrx_word' id='word_1_189' title='bbox 840 4445 853 4488; x_wconf 91' lang='lat'>‚</span> <span class='ocrx_word' id='word_1_190' title='bbox 888 4411 999 4499; x_wconf 88' lang='lat' dir='ltr'><strong>quae</strong></span> <span class='ocrx_word' id='word_1_191' title='bbox 1028 4411 1051 4464; x_wconf 89' lang='grc'><strong>2</strong></span> <span class='ocrx_word' id='word_1_192' title='bbox 1081 4383 1240 4470; x_wconf 87' lang='lat' dir='ltr'><strong>Vahlio</strong></span> <span class='ocrx_word' id='word_1_193' title='bbox 1272 4384 1410 4502; x_wconf 91' lang='lat' dir='ltr'><strong>duplo</strong></span> <span class='ocrx_word' id='word_1_194' title='bbox 1442 4390 1608 4473; x_wconf 85' lang='lat' dir='ltr'><strong>maiora</strong></span> <span class='ocrx_word' id='word_1_195' title='bbox 1640 4388 1864 4474; x_wconf 86' lang='lat' dir='ltr'><strong>dicuntur.</strong></span> 
     </span>
     <span class='ocr_line' id='line_1_27' title="bbox 268 4523 1862 4643; baseline 0.002 -31"><span class='ocrx_word' id='word_1_196' title='bbox 268 4526 492 4612; x_wconf 80' lang='lat' dir='ltr'><strong>Bructene&#39;</strong></span> <span class='ocrx_word' id='word_1_197' title='bbox 520 4524 901 4630; x_wconf 84' lang='lat' dir='ltr'><strong>suburbiculatae,</strong></span> <span class='ocrx_word' id='word_1_198' title='bbox 956 4523 1088 4612; x_wconf 85' lang='lat' dir='ltr'><strong>dorso</strong></span> <span class='ocrx_word' id='word_1_199' title='bbox 1132 4527 1250 4612; x_wconf 87' lang='lat' dir='ltr'><strong>linea</strong></span> <span class='ocrx_word' id='word_1_200' title='bbox 1300 4528 1612 4643; x_wconf 85' lang='lat' dir='ltr'><strong>longitudinali</strong></span> <span class='ocrx_word' id='word_1_201' title='bbox 1652 4557 1862 4618; x_wconf 83' lang='lat' dir='ltr'><strong>exaratae.</strong></span> 
     </span>
     <span class='ocr_line' id='line_1_28' title="bbox 269 4665 1877 4786; baseline 0.002 -33"><span class='ocrx_word' id='word_1_202' title='bbox 269 4668 424 4755; x_wconf 88' lang='lat' dir='ltr'><strong>Flores</strong></span> <span class='ocrx_word' id='word_1_203' title='bbox 452 4698 541 4753; x_wconf 91' lang='lat' dir='ltr'><strong>non</strong></span> <span class='ocrx_word' id='word_1_204' title='bbox 568 4665 672 4751; x_wconf 86' lang='lat' dir='ltr'><strong>vidi.</strong></span> <span class='ocrx_word' id='word_1_205' title='bbox 734 4667 923 4782; x_wconf 88' lang='lat' dir='ltr'><strong>Capsula</strong></span> <span class='ocrx_word' id='word_1_206' title='bbox 950 4667 1243 4781; x_wconf 85' lang='lat' dir='ltr'><strong>pyramidata,</strong></span> <span class='ocrx_word' id='word_1_207' title='bbox 1276 4671 1469 4786; x_wconf 86' lang='lat' dir='ltr'><strong>perfecte</strong></span> <span class='ocrx_word' id='word_1_208' title='bbox 1501 4674 1805 4759; x_wconf 84' lang='lat' dir='ltr'><strong>unilocularis.</strong></span> <span class='ocrx_word' id='word_1_209' title='bbox 1867 4676 1877 4701; x_wconf 65' lang='lat'><em>³</em></span> 
     </span>
    </p>

    <p class='ocr_par' dir='ltr' id='par_1_13' title="bbox 392 4808 1863 4931">
     <span class='ocr_line' id='line_1_29' title="bbox 392 4808 1863 4931; baseline 0.003 -36"><span class='ocrx_word' id='word_1_210' title='bbox 392 4809 654 4895; x_wconf 81' lang='lat' dir='ltr'><strong>Observntr&#39;o.</strong></span> <span class='ocrx_word' id='word_1_211' title='bbox 724 4808 811 4894; x_wconf 85' lang='lat' dir='ltr'><strong>Pro</strong></span> <span class='ocrx_word' id='word_1_212' title='bbox 849 4810 906 4894; x_wconf 85' lang='lat' dir='ltr'><strong>X.</strong></span> <span class='ocrx_word' id='word_1_213' title='bbox 935 4808 1090 4895; x_wconf 82' lang='lat' dir='ltr'><strong>Indica</strong></span> <span class='ocrx_word' id='word_1_214' title='bbox 1128 4809 1364 4918; x_wconf 86' lang='lat' dir='ltr'><strong>haberem,</strong></span> <span class='ocrx_word' id='word_1_215' title='bbox 1413 4815 1460 4896; x_wconf 93' lang='lat' dir='ltr'><strong>ni</strong></span> <span class='ocrx_word' id='word_1_216' title='bbox 1507 4843 1661 4929; x_wconf 89' lang='lat' dir='ltr'><strong>scapus</strong></span> <span class='ocrx_word' id='word_1_217' title='bbox 1705 4843 1863 4931; x_wconf 85' lang='lat' dir='ltr'><strong>anceps</strong></span> 
     </span>
    </p>
   </div>
   <div class='ocr_carea' id='block_1_9' title="bbox 174 4950 2095 5068">
    <p class='ocr_par' dir='ltr' id='par_1_14' title="bbox 174 4950 2095 5068">
     <span class='ocr_line' id='line_1_30' title="bbox 174 4950 2095 5068; baseline 0.004 -30"><span class='ocrx_word' id='word_1_218' title='bbox 174 4979 176 4984; x_wconf 84' lang='grc'><em>·</em></span> <span class='ocrx_word' id='word_1_219' title='bbox 272 4976 407 5056; x_wconf 88' lang='lat' dir='ltr'><strong>esset,</strong></span> <span class='ocrx_word' id='word_1_220' title='bbox 442 4950 665 5037; x_wconf 87' lang='lat' dir='ltr'><strong>interdum</strong></span> <span class='ocrx_word' id='word_1_221' title='bbox 698 4951 878 5067; x_wconf 90' lang='lat' dir='ltr'><strong>quidem</strong></span> <span class='ocrx_word' id='word_1_222' title='bbox 912 4951 1005 5038; x_wconf 87' lang='lat' dir='ltr'><strong>basi</strong></span> <span class='ocrx_word' id='word_1_223' title='bbox 1036 4974 1199 5058; x_wconf 86' lang='lat' dir='ltr'><strong>tortus,</strong></span> <span class='ocrx_word' id='word_1_224' title='bbox 1233 4959 1404 5068; x_wconf 82' lang='lat' dir='ltr'><strong>saepius</strong></span> <span class='ocrx_word' id='word_1_225' title='bbox 1432 4980 1591 5043; x_wconf 83' lang='lat' dir='ltr'><strong>autem.</strong></span> <span class='ocrx_word' id='word_1_226' title='bbox 1608 4982 1777 5066; x_wconf 87' lang='lat' dir='ltr'><strong>rectus,</strong></span> <span class='ocrx_word' id='word_1_227' title='bbox 1820 4982 1863 5044; x_wconf 89' lang='lat' dir='ltr'><strong>et</strong></span> <span class='ocrx_word' id='word_1_228' title='bbox 1933 4980 1941 4990; x_wconf 87' lang='lat'>&#39;</span> <span class='ocrx_word' id='word_1_229' title='bbox 2091 4971 2095 4978; x_wconf 84' lang='lat'>&#39;</span> 
     </span>
    </p>
   </div>
   <div class='ocr_carea' id='block_1_10' title="bbox 271 5089 1645 5211">
    <p class='ocr_par' dir='ltr' id='par_1_15' title="bbox 271 5089 1645 5211">
     <span class='ocr_line' id='line_1_31' title="bbox 271 5089 1645 5211; baseline 0.003 -35"><span class='ocrx_word' id='word_1_230' title='bbox 271 5094 317 5176; x_wconf 94' lang='lat' dir='ltr'><strong>ni</strong></span> <span class='ocrx_word' id='word_1_231' title='bbox 346 5090 539 5206; x_wconf 88' lang='lat' dir='ltr'><strong>plantam</strong></span> <span class='ocrx_word' id='word_1_232' title='bbox 570 5089 877 5176; x_wconf 87' lang='lat' dir='ltr'><strong>Americanam</strong></span> <span class='ocrx_word' id='word_1_233' title='bbox 909 5090 962 5176; x_wconf 90' lang='lat' dir='ltr'><strong>ab</strong></span> <span class='ocrx_word' id='word_1_234' title='bbox 989 5090 1141 5179; x_wconf 87' lang='lat' dir='ltr'><strong>Indica</strong></span> <span class='ocrx_word' id='word_1_235' title='bbox 1172 5093 1355 5193; x_wconf 80' lang='lat' dir='ltr'><strong>differre</strong></span> <span class='ocrx_word' id='word_1_236' title='bbox 1387 5098 1645 5211; x_wconf 85' lang='lat' dir='ltr'><strong>suspicarer.</strong></span> 
     </span>
    </p>
   </div>
   <div class='ocr_carea' id='block_1_11' title="bbox 0 0 2414 6132">
    <p class='ocr_par' dir='ltr' id='par_1_16' title="bbox 0 0 2414 6132">
     <span class='ocr_line' id='line_1_32' title="bbox 0 0 2414 6132; baseline 0 0"><span class='ocrx_word' id='word_1_237' title='bbox 0 0 2414 6132; x_wconf 95' lang='lat' dir='ltr'><strong> </strong></span> 
     </span>
    </p>
   </div>
  </div>
 </body>
</html>
