4809 6142
525 597 604 674 ,754
1003 589 1046 665 tt.
1097 589 1140 663 1..
1195 591 1645 689 sensenna,

537 805 769 894 catotteca
806 828 849 893 et
880 804 1232 921 ctascotyrrum,
1278 842 1331 898 ex
1361 812 1463 927 ipsis
1492 809 1883 927 Agrostographiae
1924 808 2127 896 iconibus

398 1059 400 1065 Ι
535 949 645 1038 adeo
684 949 856 1037 diversa
898 954 1124 1064 gramina,
1162 977 1213 1038 ut
1251 953 1296 1038 in
1325 986 1415 1038 uno
1446 955 1692 1072 eodemque
1725 984 1881 1067 genere
1916 952 2129 1037 collocari

536 1116 766 1209 nequeant.
835 1091 1063 1179 Praeterea
1114 1095 1157 1178 in
1206 1093 1454 1207 Systematis
1505 1097 1825 1210 vegetabilium
1874 1096 2131 1208 nuperrima

537 1235 731 1320 editione
784 1235 868 1320 alia
909 1237 1041 1322 etiam
1083 1238 1349 1351 conspicitur
1396 1239 1658 1326 Calothecae
1704 1242 1894 1353 species,
1948 1263 2127 1348 nempe:

542 1378 587 1461 C.
627 1355 863 1462 rotundatu
912 1410 944 1463 s.
985 1382 1163 1464 Bromns
1202 1380 1459 1466 rotundatos
1504 1380 1744 1468 Hnmboldt
1789 1403 1833 1467 et
1876 1376 2128 1492 Bonpland,

537 1549 649 1636 quae
682 1519 863 1636 quidem
893 1521 1020 1606 nobis
1051 1555 1104 1607 ex
1135 1524 1226 1637 ipsa
1259 1521 1580 1638 descriptione,
1632 1525 1719 1608 l.c.
1761 1522 1920 1624 allata,
1968 1519 2129 1602 rectius

539 1661 595 1746 ad
624 1661 807 1748 Bromos
849 1663 1080 1750 reserenda
1118 1695 1207 1751 esse
1239 1664 1428 1750 videtur.
1489 1663 1577 1750 Sed
1605 1688 1803 1748 nostrum
1833 1692 1920 1746 non
1942 1683 2040 1762 est,
2082 1662 2131 1740 iu

537 1809 635 1890 istas
668 1805 940 1891 exoticorum
971 1809 1219 1920 graminum
1252 1807 1398 1893 turbas
1435 1807 1605 1920 longius
1647 1807 1901 1923 inquirere,
1942 1824 2131 1887 transea-

425 2001 429 2012 ·
472 2027 475 2036 ,
541 1977 636 2032 mus
672 1947 803 2058 igitur
834 1948 891 2033 ad
923 1972 1119 2035 nostrum
1151 1981 1297 2063 genus.

659 2090 879 2196 Gramen,
925 2123 1013 2208 quo
1047 2093 1092 2176 id
1128 2093 1430 2196 constituitur,
1478 2112 1660 2176 exeunte
1695 2090 1809 2174 Iulio
1851 2115 1997 2172 meuse
2030 2082 2131 2167 anni

550 2235 656 2318 1822
690 2234 735 2316 in
760 2231 997 2318 Arduenna
1015 2230 1239 2316 Leodr'enst'
1266 2262 1290 2316 a
1321 2233 1379 2317 D.
1400 2232 1593 2330 Metel,
1623 2231 1897 2330 Hortulano,
1929 2227 1985 2312 de
2010 2225 2132 2339 plan-

545 2378 597 2458 tis
628 2375 844 2487 indigenis
875 2377 987 2463 bene
1018 2378 1198 2482 merito,
1232 2399 1486 2492 repertum,
1519 2374 1697 2461 nomine
1729 2374 1910 2458 Bromi?
1939 2370 2130 2484 primum

537 2517 654 2602 mihi
684 2519 870 2630 benigne
902 2522 1272 2606 communicatum
1304 2542 1380 2606 est.
1423 2631 1426 2635 ¹
1659 2614 1660 2617 g

662 2659 721 2744 Et
751 2690 902 2746 revera
930 2661 1083 2748 Bromi
1115 2662 1311 2748 habitum
1339 2658 1519 2744 omnino
1551 2656 1714 2762 refert,
1758 2679 1801 2743 et
1829 2653 2054 2770 speciatim
2084 2649 2132 2736 B.

546 2800 776 2913 pendulini
804 2801 940 2907 Sesse,
975 2802 1022 2888 R.
1042 2827 1085 2889 et
1105 2805 1146 2889 S.
1179 2805 1288 2918 Syst.
1305 2805 1411 2916 Veg.
1432 2803 1486 2886 II.
1508 2831 1550 2916 p.
1564 2802 1692 2908 644.;
1724 2797 1802 2884 sed
1820 2798 1941 2882 illius
1965 2794 2133 2906 generis

548 2941 667 3024 haud
699 2973 811 3044 esse,
844 2944 1072 3061 multoque
1103 2949 1248 3060 potius
1282 2941 1536 3032 Colotbecae
1565 2945 1782 3058 speciem,
1815 2969 1864 3024 ex
1895 2939 2075 3021 Boemcr
2095 2957 2138 3017 et

552 3081 747 3166 Schultes
784 3085 891 3196 Syst.
937 3084 1041 3198 Veg.
1087 3085 1211 3172 brevi
1253 3109 1527 3200 compertum
1567 3108 1661 3190 est3
1705 3079 1823 3166 unde
1864 3076 2138 3164 Colotlrecorn

549 3211 834 3308 bromoidenm
872 3228 1090 3340 appellari
1121 3252 1356 3347 posteaque
1383 3229 1427 3311 in
1450 3223 1822 3340 ephemeridibus,
1852 3250 1963 3336 quae
1984 3218 2140 3303 inscri-

551 3363 733 3447 buntur:
758 3365 980 3482 Messager
1010 3365 1082 3453 des
1099 3375 1285 3456 sciences
1314 3386 1356 3455 et
1382 3364 1455 3454 des
1481 3385 1572 3452 orts
1600 3363 1661 3451 dn
1684 3366 1909 3476 Roynnme
1932 3358 2004 3445 des
2023 3359 2139 3469 Poys

550 3504 664 3601 Bas,
705 3534 849 3589 mense
880 3507 1128 3621 Septembri
1158 3511 1383 3624 descripsi.

668 3645 725 3728 At
759 3675 864 3730 vero
895 3649 1075 3734 ineunte
1112 3650 1303 3763 Augusto
1336 3681 1437 3735 cum
1468 3650 1597 3734 huius
1626 3650 1850 3764 specimen·
1894 3671 1937 3733 et
1979 3644 2142 3731 descri-

552 3787 746 3899 ptionem
778 3786 832 3871 ad
857 3787 924 3872 Ill.
948 3789 1198 3877 Praesidem
1220 3791 1484 3879 Academiae
1509 3817 1683 3878 nostrae
1715 3793 1941 3894 misissem,
1975 3819 2052 3902 per
2073 3786 2145 3870 lit·

553 3951 665 4012 teras
703 3929 796 4010 eius
835 3931 995 4015 certior
1033 3931 1171 4019 sactus
1211 3965 1334 4039 sum,
1380 3934 1571 4049 plantam
1612 3964 1754 4017 meam
1786 3955 1830 4015 et
1860 3958 2018 4014 novam
2051 3958 2143 4011 orn-

553 4067 659 4152 nino
690 4093 734 4153 et
759 4098 854 4154 enm
879 4070 1157 4158 aCalotheca
1190 4075 1382 4162 distincti
1415 4078 1584 4189 generis
1615 4061 1752 4160 abeo
1785 4073 2016 4158 aestimari.
2060 4069 2160 4156 Ne·.

553 4240 638 4324 que
671 4209 809 4294 multo
840 4237 958 4325 post,
993 4213 1070 4298 ubi
1092 4214 1357 4301 CLBelvisii
1388 4246 1497 4330 opus
1524 4214 1578 4300 de
1610 4213 1896 4299 Graminibus
1928 4211 2142 4324 inspicere

553 4349 663 4435 mihi
691 4354 775 4467 ipsi
798 4357 996 4466 contigit,
1029 4359 1223 4470 gramine
1246 4358 1329 4443 hoc
1360 4385 1529 4442 summa
1560 4357 1802 4441 attentione
1820 4353 1966 4440 denuo
1989 4355 2148 4435 exami-

555 4515 674 4596 nato,
708 4495 963 4606 opinionem
995 4496 1061 4581 Ill.
1082 4497 1179 4584 Viri
1212 4497 1589 4585 observationibus
1620 4502 1729 4583 meis
1761 4492 2031 4610 confirmari,
2055 4521 2144 4576 nou

556 4632 647 4718 sine
668 4627 820 4746 magua
840 4635 1059 4751 voluptate
1082 4662 1283 4753 expertus
1304 4672 1414 4726 sum.
1464 4640 1638 4728 Novum
1658 4645 1803 4754 itaque
1827 4667 1961 4750 genus
1992 4666 2043 4720 ex
2068 4633 2146 4718 itta

556 4776 698 4885 specie
733 4778 939 4885 condere,
972 4780 1101 4896 eique
1131 4785 1311 4897 virginis
1337 4783 1648 4881 celeberrimae,
1675 4779 1801 4864 M.A.
1825 4779 2002 4880 Lraenr,
2025 4772 2149 4858 Mat-

557 4914 896 5036 mundanensis,
939 4921 1011 5006 cui
1054 4921 1184 5010 Flora
1223 4925 1424 5040 Spadana
1464 4947 1610 5008 nostra
1660 4913 1909 5036 plantarum
1955 4914 2151 5029 complu·

558 5055 674 5144 rium
706 5049 1197 5175 phanerogamicarum,
1238 5089 1282 5154 et
1311 5067 1444 5152 Flora
1474 5065 1645 5152 Gallica
1676 5063 1911 5148 multarum
1942 5083 1985 5144 et
2014 5084 2150 5143 nora·
