4809 6142
868 527 1021 605 Insania
1045 488 1308 623 coaspirare·
1794 485 1879 617 v481

284 752 455 867 tiguae,
488 767 606 835 certo
635 743 723 831 situ
752 738 809 827 ad
838 740 984 828 lucem
1013 772 1065 829 ex
1090 744 1459 859 nigro-violaceo
1493 749 1640 837 colore
1673 752 1876 859 nitentes,

288 916 418 1010 atque
449 886 609 1004 passim
639 880 943 977 tautummodo
980 881 1363 1002 subinterruptae,
1411 888 1571 1007 quibus
1618 894 1733 981 linea
1773 926 1876 980 con·

290 1052 486 1119 catenata
518 1023 712 1133 accedit;
744 1046 787 1109 et
816 1022 1033 1108 eiusmodi
1065 1028 1249 1144 quidem
1282 1030 1498 1119 linearum
1531 1036 1780 1150 complexus
1811 1037 1878 1122 bis

290 1206 369 1291 per
400 1171 596 1259 medium
628 1167 800 1280 elytron
834 1165 1134 1284 ambitumque
1156 1203 1303 1257 versus
1327 1176 1530 1279 recurrit,
1565 1208 1713 1289 margo
1735 1203 1878 1262 autern

289 1316 478 1403 exterior
519 1339 673 1396 aurum
721 1309 879 1395 renitet
921 1331 1051 1425 atque
1094 1314 1386 1400 subtilissimis
1429 1321 1600 1433 punctis
1639 1321 1878 1434 insculptus

257 1482 366 1565 est,
399 1455 535 1544 limbo
567 1479 760 1541 extremo
793 1434 1046 1540 tenuissimo
1081 1458 1425 1544 atro-violaceo.

658 1761 706 1892 4.
760 1762 1000 1872 carabus
1041 1767 1255 1913 Happei
1300 1764 1500 1870 Sturm.

273 2020 279 2027 ’
404 2024 456 2110 C.
487 2019 814 2130 subconvexus,
847 2043 965 2127 ater,
1007 2053 1137 2137 supra
1168 2026 1532 2129 aeneo-micans,
1575 2022 1748 2112 thorace
1781 2027 1879 2113 sub-

288 2164 503 2287 quadrato
540 2165 806 2276 marginum,
860 2162 1028 2275 angulis
1070 2166 1245 2278 posticis
1290 2168 1477 2251 rescissis
1518 2166 1874 2273 subacuminatis,

289 2308 439 2422 elytris
475 2305 651 2391 thorace
693 2305 842 2420 paullo
885 2304 1115 2403 latioribus
1156 2307 1353 2391 ovalibus
1394 2307 1557 2392 obtusis
1598 2298 1876 2393 subtilissime

286 2475 331 2536 et
362 2448 678 2536 confertissime
715 2447 1132 2562 rugoso-striolatis,
1170 2472 1435 2565 punctorum
1469 2452 1778 2564 impressorum
1806 2451 1878 2535 tri·

287 2593 393 2709 plici
424 2594 548 2678 serie.
1089 2608 1093 2619 ‘

382 2722 550 2845 Loug.
582 2728 702 2847 7³lt'‘';
745 2728 846 2844 elyt.
873 2730 993 2841 5¹l2''';
1037 2734 1107 2819 lat.
1133 2730 1250 2841 3u''‘;
1294 2733 1408 2846 long.
1451 2733 1562 2821 thor.
1599 2733 1874 2845 med.·1³lt''‘;

289 2870 619 2965 mmmffl
1406 2882 1412 2887 ”

368 3213 372 3220 Ι
485 3110 584 3205 Syn.
612 3108 743 3181 Germ.
769 3108 841 3181 Ins.
867 3058 1073 3203 speenor.
1098 3113 1279 3185 etminus
1304 3134 1405 3205 cogn.
1432 3110 1463 3188 Ι.
1487 3138 1522 3208 p.
1538 3116 1572 3185 8.
1598 3138 1632 3188 n.
1657 3114 1710 3187 ra.

482 3254 640 3327 Habitat
663 3256 701 3325 in
727 3255 868 3349 alpibus
894 3257 991 3326 circe
1014 3254 1286 3351 Heilt'genblut,
1313 3258 1378 3329 ubi
1401 3259 1469 3329 sub
1492 3258 1673 3354 lapidibus
1698 3260 1784 3329 setis
1809 3281 1877 3329 oo·

285 3378 389 3472 piosa
415 3378 611 3451 invenitur.

405 3563 532 3649 Obs.
594 3564 736 3675 Quam
783 3567 969 3651 maxime
1023 3559 1165 3649 affinis
1217 3587 1281 3647 est
1322 3562 1487 3648 Corobo
1530 3562 1705 3677 alpestri
1740 3560 1875 3674 Ziegl.

286 3707 460 3825 (Sturm
487 3705 710 3792 Deutsclrl.
741 3692 829 3791 Ius.
858 3708 898 3792 3.
930 3737 971 3821 p.
1007 3737 1098 3790 111.
1133 3727 1161 3788 t.
1188 3700 1316 3820 65.),
1356 3736 1499 3821 neque
1530 3704 1640 3810 lere,
1674 3706 1759 3787 nisi
1789 3732 1878 3787 ma·

190 3926 192 3929 ,
289 3849 515 3962 guitudine
562 3849 881 3966 latitudineque
915 3849 1137 3950 diversus,
1189 3846 1307 3932 unde
1347 3846 1615 3961 superfluum
1656 3844 1875 3946 duximus,

288 3991 461 4075 iconem
501 3988 678 4075 addere.
739 3989 827 4076 Sed
857 3993 1065 4106 quoniam
1097 3990 1293 4075 eiusdem
1325 3986 1635 4103 magnitudinis
1663 3987 1878 4102 plurimos

287 4132 376 4216 illis
418 4131 461 4213 in
505 4131 756 4244 regionibus
798 4132 1015 4217 montium
1058 4132 1273 4240 vidimus,
1316 4163 1476 4249 eosque
1519 4160 1668 4217 omnes
1699 4130 1878 4214 alterius

289 4271 420 4355 fuisse
452 4301 574 4356 sexus
603 4275 850 4360 verosimile
882 4304 969 4359 non
1001 4276 1081 4377 sit,
1132 4274 1211 4360 hac
1242 4274 1396 4359 addita
1427 4296 1530 4359 nota
1576 4272 1777 4357 ulteriori
1806 4302 1880 4385 pe-

288 4416 476 4495 ritorum
510 4418 698 4499 examini
729 4413 918 4527 speciem
954 4417 1091 4521 hanc,
1126 4420 1213 4502 iam
1247 4415 1468 4514 Germari,
1513 4414 1595 4500 viri
1628 4412 1875 4516 clarissimi,

289 4555 546 4641 auctoritate
579 4555 910 4664 confirmatam,
946 4558 1254 4679 commendare
1284 4559 1461 4672 placuit.

404 4697 554 4782 Variat
596 4699 763 4785 colore·
786 4702 921 4813 magis
952 4701 1022 4786 vel
1053 4702 1197 4785 minus
1231 4695 1542 4785 aeneo-viridi
1573 4695 1720 4781 lateris
1750 4726 1877 4810 supe·

288 4841 445 4945 rioris,
484 4845 740 4954 praesertim
783 4844 1051 4957 elytrorum,
1097 4842 1175 4959 qui
1209 4839 1331 4924 color
1362 4861 1505 4924 tamen
1538 4839 1583 4922 in
1615 4838 1711 4923 aliis
1741 4838 1875 4947 magis

236 4964 242 4975 ⁹
288 4979 344 5065 ad
374 5011 615 5097 cupreum,
647 4984 693 5069 iu
725 4984 820 5070 aliis
854 5000 1029 5071 rursum
1061 4982 1117 5071 ad
1147 4983 1325 5095 nigrum
1353 4984 1506 5093 uergit.
