4809 6142
528 595 575 665 ds
599 592 767 667 ubertate
780 594 970 688 frumenti
995 591 1225 689 temporibus
1249 593 1531 689 antiquissimis..
1750 596 1825 675 855

232 811 420 897 virtores
454 836 601 917 erant,
644 811 767 931 quod
794 813 937 929 ipsum
969 842 1130 899 nomen
1163 810 1354 899 inditum
1393 834 1457 898 est
1490 807 1675 897 subinde
1704 832 1824 897 etex

235 954 348 1068 agris
377 978 575 1042 senatum
610 954 833 1074 ducesque
869 956 1288 1067 accersentibus*).‹

349 1095 459 1181 Prae
497 1096 702 1183 omnibus
738 1122 883 1185 autem
927 1100 1038 1186 ratio
1069 1100 1271 1188 habenda
1307 1122 1370 1187 est
1406 1096 1520 1185 coeli
1560 1119 1604 1185 et
1642 1120 1821 1185 naturae

231 1237 342 1343 soli,
385 1238 508 1355 quod
543 1262 809 1357 utrumque,
855 1266 1008 1358 utpote
1034 1244 1176 1329 natale
1213 1241 1279 1327 his
1311 1244 1357 1326 in
1391 1241 1546 1344 terris,
1581 1240 1821 1335 ¹frumentis

232 1401 298 1463 est
327 1408 459 1495 qnam
492 1381 680 1466 maxime
713 1403 875 1495 aptum.
938 1382 1036 1467 Huc
1063 1382 1258 1486 accedit,
1292 1381 1415 1500 quod
1442 1408 1546 1466 cura
1577 1380 1823 1466 rusticatio·

231 1522 298 1604 nis
327 1522 540 1608 maximae
568 1522 703 1611 suerit
734 1524 898 1637 gloriae
931 1522 1049 1639 apud
1076 1526 1305 1641 antiquos,
1341 1546 1385 1609 et
1408 1550 1611 1638 proceres
1637 1521 1823 1607 civitatis

232 1692 401 1749 summa
422 1663 656 1781 disciplina
681 1690 812 1785 atque
839 1668 1108 1782 experientia
1133 1668 1313 1755 extracti
1339 1697 1427 1752 non
1450 1664 1592 1751 solum
1619 1662 1824 1781 frequen·

235 1804 396 1891 tissime
428 1808 476 1891 in
508 1809 621 1921 agris
652 1811 739 1895 sint
767 1808 952 1915 morati,
992 1810 1186 1897 sednon
1222 1811 1358 1923 multa
1390 1808 1625 1896 habuerint
1654 1809 1822 1917 iugero,

232 1970 276 2033 ot
317 1949 372 2032 iis
409 1978 513 2062 ergo
561 1950 691 2036 facile
732 1948 915 2035 eandem
958 1980 1107 2038 curam
1146 1975 1188 2040 et
1227 1952 1525 2065 diligentiam,
1569 1976 1701 2065 qnam
1743 1976 1822 2033 nos

234 2119 351 2174 nuno
387 2089 523 2178 hortis
554 2093 740 2198 nostris,
785 2092 996 2181 adhibere
1036 2096 1273 2209 potuerint.
1349 2093 1439 2176 lam
1460 2090 1638 2193 Moses,
1680 2086 1822 2172 felici·

231 2252 365 2314 tatem
399 2232 578 2316 Canaan
620 2232 900 2337 describens,
950 2258 1126 2338 narrat,
1170 2232 1399 2350 quomodo
1431 2230 1635 2342 Aegyptii
1675 2229 1821 2315 colere

230 2395 367 2457 terras
406 2348 503 2456 suris
544 2394 592 2457 ut
632 2370 783 2458 hortos
816 2372 936 2458 soliti
968 2396 1120 2461 essent.
1186 2374 1352 2459 »Terra
1365 2434 1378 2476 ,
1422 2371 1568 2484 inquit
1598 2368 1821 2475 Israelitis,

232 2540 364 2626 qnam
397 2509 701 2624 possidebitis,
733 2541 822 2595 non
854 2534 919 2596 est
948 2535 999 2619 ut
1028 2513 1276 2626 Aegyptus,
1319 2542 1371 2597 ex
1397 2542 1484 2628 qua
1510 2510 1668 2621 egressi
1694 2510 1819 2615 estis3

230 2650 296 2736 ibi
326 2650 445 2735 enim
475 2651 640 2737 semina
670 2679 873 2766 spargere
904 2679 1043 2769 eaque
1068 2654 1251 2765 irrigare
1274 2682 1447 2739 necesse
1475 2650 1686 2737 habuistis
1705 2650 1818 2759 *lle

230 2794 451 2879 Arvorum
482 2792 729 2880 sacerdotes
758 2793 970 2880 Romulus
1001 2795 1220 2909 imprimis
1250 2796 1458 2897 instituit,
1490 2823 1623 2909 seque
1655 2789 1824 2877 duode-

233 2935 399 3019 cimum
430 2935 613 3021 fratrem
644 2935 882 3050 appellavit
909 2936 1025 3021 inter
1057 2937 1183 3043 illos,
1227 2935 1281 3021 ab
1320 2938 1435 3020 Acca
1468 2932 1707 3019 Laurentia
1744 2962 1823 3019 nu-

233 3077 343 3162 trice
373 3106 450 3162 sna
481 3078 670 3189 genitos,
702 3079 847 3191 spicea
877 3107 1066 3184 corona,
1106 3110 1220 3197 quae
1253 3080 1359 3166 vitta
1390 3074 1488 3163 alba
1522 3076 1819 3189 colligaretur,

232 3221 278 3302 in
311 3218 558 3304 sacerdotio
595 3222 658 3304 eis
692 3250 775 3333 pro
807 3221 1134 3333 religiosissimo
1166 3225 1334 3337 insigne
1367 3222 1489 3325 data,
1531 3248 1643 3336 quae
1676 3219 1822 3333 prima

232 3358 359 3474 apud
386 3360 605 3446 Romanos
643 3359 728 3446 snit
759 3392 949 3469 corona,
996 3363 1224 3481 honosque
1258 3365 1294 3447 is
1324 3362 1499 3446 nonnisi
1528 3359 1616 3445 vita
1647 3354 1818 3462 finitur,

232 3528 278 3588 et
306 3504 453 3623 exules
483 3504 616 3589 etiam
648 3529 883 3622 captosque
919 3508 1168 3591 comitatur.
1207 3504 1317 3589 Bina
1345 3526 1449 3588 tunc
1480 3502 1630 3612 iugera
1654 3498 1820 3612 populo

228 3644 426 3729 Romano
461 3646 563 3729 satis
591 3666 739 3750 erant,
780 3647 983 3765 nullique
1020 3648 1232 3733 maiorem
1273 3644 1457 3731 modum
1490 3641 1690 3727 attribuit
1707 3636 1821 3756 W)

229 3781 470 3869 Praedium
512 3804 710 3866 constare
747 3806 922 3867 centum
964 3785 1127 3894 ingeris
1169 3804 1386 3869 memorat
1417 3782 1528 3866 Cato
1557 3782 1624 3866 his
1654 3777 1822 3865 verbis:

234 3924 508 4008 »Praedium
541 3920 663 4040 quod
692 3924 888 4035 primum
918 3924 1026 4029 siet,
1059 3932 1097 4007 si
1127 3952 1197 4008 me
1229 3917 1427 4034 rogabis,
1459 3919 1520 4003 sio
1541 3916 1700 4002 dicam.
1738 3918 1821 4002 -De

235 4066 440 4155 omnibus
472 4067 603 4179 agris,
637 4066 891 4183 optimoque
923 4067 1041 4171 loco,
1073 4065 1111 4150 si
1140 4065 1298 4151 emeris
1330 4064 1479 4176 iugera
1506 4062 1599 4174 agri
1629 4063 1821 4160 centum,

232 4211 360 4296 vinea
391 4231 455 4294 est
483 4208 654 4323 prima,
685 4208 722 4291 si
752 4208 856 4294 vino
886 4210 1028 4297 multo
1060 4202 1250 4323 siet†).‹

352 4348 489 4437 »Post
525 4380 647 4464 roges
678 4374 910 4461 exactos,«
954 4351 1101 4471 inquit
1123 4349 1175 4437 L.
1196 4348 1234 4439 J.
1265 4347 1519 4438 Moderatus
1551 4340 1817 4448 Columella,

297 4624 326 4702 ‘t
348 4624 384 4689 C.
405 4621 507 4687 Plinii
527 4622 602 4691 hist.
623 4633 689 4687 nat
709 4624 766 4689 lib.
775 4625 918 4709 xvnr,
939 4630 1051 4715 sapt.

278 4731 324 4808 “l
344 4731 523 4794 Deuteron.
545 4730 607 4811 ll.,
633 4752 682 4795 10.
726 4733 794 4801 crs.
815 4734 912 4800 Diod.
935 4734 971 4814 1,
997 4756 1023 4803 ι.
1393 4788 1395 4793 .

260 4840 327 4924 W]
347 4838 434 4906 Plin.
455 4838 533 4906 hist.
550 4848 616 4903 nst.
634 4839 786 4925 xvul,
809 4863 838 4912 α.
874 4844 941 4909 Ct'r.
953 4844 1049 4915 vm.
1069 4842 1111 4909 de
1124 4843 1162 4913 R
1173 4842 1212 4909 Ii.
1234 4841 1292 4908 lili.
1304 4842 1342 4925 l.,
1363 4860 1433 4929 etp.
1449 4860 1496 4910 ro.
1526 4838 1600 4905 vu.
1612 4839 1695 4905 Μαι.
1707 4835 1814 4919 V111,

354 4947 395 5028 6,
417 4948 437 5008 3
458 4956 491 5010 et
510 4947 581 5012 Liv.
593 4947 675 5033 111,
697 4950 747 5016 26.

288 5060 325 5136 †)
346 5054 425 5118 Crto
445 5054 483 5117 ll.
503 5055 541 5118 ll.
563 5055 587 5118 1.
