4809 6142
555 579 607 650 de
630 576 800 651 ubertate
811 576 1005 674 frumenti
1025 574 1259 673 temporibus
1282 574 1567 675 antiquissimis.
1782 576 1859 657 805

256 799 438 900 derant,
470 823 521 881 ac
550 818 675 911 prata
700 818 769 882 etc
814 793 1081 898 certissime,
1113 794 1161 877 ni
1187 789 1345 897 fallor,
1378 814 1558 879 naturae
1589 790 1763 903 linguae
1790 789 1852 877 la·

257 944 375 1029 tinae
407 964 632 1055 repugnat.
691 938 845 1056 Neque
875 938 923 1023 in
953 934 1209 1023 sententiam
1241 962 1422 1037 eorum,
1454 933 1533 1050 qui
1566 960 1665 1029 cum
1687 928 1850 1019 Ursino

256 1083 434 1171 decimo
471 1112 524 1166 ex
553 1080 753 1169 Varrone
778 1080 835 1186 l.,
868 1080 941 1184 tid.
974 1076 1080 1165 addi
1116 1073 1376 1181 voluerunt,
1420 1076 1485 1160 ire
1516 1072 1724 1192 equidem
1753 1100 1853 1188 pos·

255 1256 378 1333 sum3
418 1256 520 1312 uam
560 1223 737 1309 felicem
772 1253 977 1337 agrorum
1018 1221 1212 1309 reditum
1250 1237 1386 1307 aetate
1423 1218 1635 1304 Varronis
1676 1247 1701 1301 a
1741 1244 1852 1302 mes·

256 1366 377 1453 sibus
413 1366 481 1449 sui
515 1363 725 1480 temporis
762 1365 855 1479 ipse
898 1361 1148 1449 Columella
1185 1361 1336 1475 paullo
1384 1384 1482 1447 anta
1530 1362 1618 1445 l.c.
1663 1364 1853 1445 secernit

258 1506 327 1595 bis
347 1506 522 1616 uerbis:
558 1529 723 1623 »atque
753 1529 802 1592 ut
831 1505 1029 1591 omittam
1060 1528 1254 1591 veterem
1286 1502 1408 1587 illurn
1441 1501 1696 1588 felicitatem
1727 1529 1853 1586 arvo·

260 1678 385 1753 rum,
423 1647 585 1766 quibus
615 1670 660 1732 et
688 1669 787 1732 ante
823 1646 912 1731 iam
952 1645 1013 1731 M.
1043 1642 1154 1731 Cato
1165 1706 1180 1750 ,
1224 1666 1268 1729 et
1307 1673 1407 1729 mox
1438 1641 1670 1729 Terentius
1708 1640 1851 1727 Varro

259 1793 488 1911 prodidit,
527 1790 697 1904 singula
733 1792 885 1903 iugera
927 1790 1152 1873 vinearum
1191 1814 1396 1871 sescenas
1433 1814 1564 1869 urnas
1599 1783 1689 1869 vini
1731 1812 1855 1899 prae·

258 1936 422 2040 buisse,
455 1932 502 2020 id
533 1935 653 2019 enim
681 1935 869 2019 maxime
896 1950 1112 2017 asseverat
1141 1927 1188 2012 iu
1219 1930 1364 2042 primo
1395 1927 1512 2013 libro
1544 1956 1693 2013 rerum
1726 1924 1850 2011 rusti·

259 2110 412 2167 carum
442 2079 631 2186 Versus
657 2106 739 2161 nec
776 2104 865 2161 unu
900 2075 1078 2186 regione
1110 2074 1346 2189 provenire
1377 2071 1582 2176 solitum,
1626 2101 1778 2157 verum
1810 2091 1854 2155 et

260 2225 307 2306 iu
342 2221 585 2307 Faventino
625 2247 729 2328 agro
759 2239 803 2301 et
831 2217 878 2299 in
910 2216 1110 2317 Gallico,
1153 2217 1234 2333 qui
1269 2244 1385 2299 nunc
1415 2213 1578 2299 Piceno
1610 2212 1855 2299 contribui·

258 2382 345 2445 tur.
397 2357 515 2442 Haec
545 2357 600 2439 iis
632 2378 752 2440 certe
776 2354 1048 2467 temporibus
1067 2356 1126 2466 tr),
1174 2355 1425 2443 Columella
1456 2356 1637 2442 minime
1669 2354 1852 2476 quidem

238 2521 412 2611 ‚negat,
446 2527 571 2609 agros
598 2494 744 2581 eidem
775 2494 946 2579 faenori
974 2523 1056 2577 suo
1087 2526 1137 2581 ac
1168 2500 1314 2613 prisco
1337 2526 1444 2583 aevo
1469 2497 1853 2615 reddendoqreres

261 2669 382 2742 esse,
420 2638 457 2721 si
485 2637 642 2722 eadem
674 2665 779 2720 cura
809 2657 855 2721 et
882 2631 1109 2746 diligentia
1140 2635 1308 2723 fuerint
1336 2639 1533 2743 tractati,
1578 2647 1701 2750 agros
1733 2642 1852 2727 enim

260 2778 550 2867 infoecundus
581 2778 815 2882 exstitisse,
848 2806 930 2861 nec
963 2777 1074 2862 coeli
1101 2810 1180 2893 per
1211 2781 1347 2865 multa
1374 2781 1461 2864 iam
1493 2802 1691 2894 tempora
1722 2783 1851 2867 noxia

261 2922 460 3036 frugibus
491 2922 780 3036 intemperie,
813 2951 892 3007 nec
926 2919 1123 3005 ubertate
1160 2922 1295 3005 nimia
1327 2922 1487 3036 prioris
1520 2928 1614 3007 aevi
1644 2920 1854 3038 defatiga-

263 3063 667 3167 tumeteffoctum
697 3061 866 3166 solum,
908 3086 956 3147 ut
989 3086 1163 3167 nostro,
1202 3062 1373 3180 inquit,
1417 3063 1562 3179 potius
1594 3062 1701 3149 vitio
1715 3126 1729 3169 ,
1770 3064 1852 3181 qui

261 3234 357 3293 rem
389 3204 593 3289 rusticam
625 3204 812 3318 pessimo
839 3202 1001 3319 cuique
1031 3233 1285 3308 servorum,
1318 3205 1440 3288 velut
1464 3200 1679 3309 carnifici,
1713 3236 1849 3297 norae
1972 3228 1977 3246 '

261 3326 494 3474 dedimus,
537 3375 669 3461 quam
707 3345 927 3431 maiorum
960 3366 1209 3431 nostrorum
1241 3347 1438 3461 optimus·
1462 3349 1650 3464 quisque
1686 3349 1849 3463 optime

262 3488 513 3574 tractaverit
531 3482 616 3600 sss),
687 3486 838 3603 ltaque
881 3508 1047 3571 veteres
1084 3490 1153 3573 illi
1193 3488 1371 3592 Sabini,
1413 3489 1608 3599 Quirites
1647 3492 1848 3606 atavique

259 3628 469 3732 Romani,
517 3654 771 3743 quanquam
814 3627 928 3711 iuter
963 3626 1130 3711 ferrum
1162 3653 1208 3714 et
1244 3629 1363 3740 ignes
1405 3627 1666 3745 hosticisque
1702 3631 1852 3715 incur·

258 3767 455 3856 sionibus
483 3790 661 3850 vastatas
692 3765 872 3879 fruges,
911 3766 1073 3878 largius
1105 3792 1246 3853 tamen
1284 3767 1549 3869 condidere,
1589 3800 1723 3886 quam
1753 3802 1848 3877 nos,

256 3909 423 4025 quibus
465 3906 675 3991 diuturna
714 3908 994 4022 permittente
1034 3938 1140 4021 pace
1176 3907 1394 4021 prolatare
1425 3905 1550 3992 licuit
1581 3939 1674 3993 rem
1716 3914 1849 3997 rusti*
1963 3912 1965 3915 ’

261 4078 371 4135 cam.
433 4047 584 4163 Itaque
624 4049 671 4133 in
702 4047 785 4134 hoc
817 4047 943 4135 Latio
974 4072 1018 4135 et
1046 4049 1250 4135 Saturnia
1287 4074 1427 4153 terra,
1475 4048 1552 4135 ubi
1592 4050 1668 4137 Dii
1707 4055 1849 4143 cultus

262 4219 468 4303 agrorum
508 4191 763 4306 progeniem
800 4220 922 4275 suam
955 4190 1223 4294 docuerant,
1254 4188 1318 4275 ibi
1354 4220 1472 4275 nunc
1502 4188 1559 4277 ad
1593 4190 1756 4279 hastam
1786 4192 1848 4283 lo-

260 4361 436 4434 camus,
456 4356 528 4419 ,ιιι
554 4332 682 4418 nobis
712 4364 765 4419 ex
790 4334 1088 4419 transmarinis
1118 4332 1361 4449 provinciis
1386 4332 1626 4421 advehatur
1655 4333 1851 4425 frumen.

261 4496 379 4577 tum,
420 4504 473 4558 ne
505 4472 619 4559 fame
662 4474 937 4579 laboremus,
979 4498 1022 4561 et
1059 4478 1300 4563 vindemias
1341 4475 1572 4565 condimus
1604 4510 1657 4566 ex
1697 4479 1847 4569 insulis

261 4614 531 4730 Cycladibus
561 4648 609 4703 ac
640 4618 890 4732 regionibus
920 4619 1108 4707 Baeticis
1138 4620 1409 4738 Gallicisque
1430 4620 1570 4731 mle

318 4840 353 4915 'l
374 4840 447 4909 Col.
461 4842 525 4912 lif.
549 4844 579 4913 3·

299 4948 353 5023 ’Ἴ
373 4946 447 5011 Col.
466 4948 489 5011 l.
505 4970 534 5013 o.

280 5053 352 5133 m)
372 5054 444 5123 col.
466 5056 568 5143 praef.
589 5076 637 5143 πμ
