4809 6142
555 544 628 629 70ss
1127 534 1576 639 L.Borauus‚

561 758 568 839 Ῐ
611 789 642 835 ι.
671 787 702 833 2.
730 765 777 833 3..
814 758 957 833 Dentes
981 754 1143 829 molares
1168 771 1244 828 tres
1268 751 1416 855 priores
1442 745 1693 853 temporarii,
1711 772 1828 853 supra
1853 751 2067 853 marginem
2091 758 2151 829 als

756 881 946 954 veolarem
978 892 1163 950 exstantes
1187 891 1226 949 et
1251 872 1389 948 attritu
1415 870 1721 945 adversariorum
1745 871 1964 977 plurimum
1989 874 2066 950 iam
2092 895 2147 953 ta-

756 1003 828 1095 cti3
855 1000 1048 1075 radicibus
1074 1016 1203 1072 tamen
1228 991 1406 1069 nondum
1430 990 1605 1103 expletis.⁸

609 1126 678 1203 IV.
730 1127 835 1200 Dens
860 1119 1015 1197 molaris
1041 1131 1219 1214 quartus,
1255 1115 1461 1203 serotinus,
1495 1140 1578 1201 ,non
1603 1116 1763 1205 lacteus,
1798 1117 2043 1221 eruptionem
2068 1119 2146 1193 iam

755 1249 921 1324 molitus.
972 1244 1047 1317 Hic
1072 1242 1227 1347 praevio
1253 1238 1483 1342 temporario
1508 1239 1644 1329 caruit,
1667 1239 1858 1341 siquidem
1884 1238 1984 1315 terni
2008 1241 2149 1325 solum·

756 1370 871 1446 modo
904 1366 1040 1443 caduci
1072 1367 1234 1441 molares
1258 1363 1423 1437 veniunt
1448 1361 1491 1435 iu
1516 1363 1651 1463 quovis
1676 1363 1853 1437 maxillae
1879 1392 1995 1438 ramo.

612 1498 658 1573 V.
710 1495 991 1593 Rudimentum
1032 1490 1158 1565 dentis
1196 1487 1352 1562 molaris
1383 1486 1532 1589 quinti,
1574 1486 1617 1559 in
1653 1485 1799 1561 alveolo
1834 1488 2057 1565 etiamnunc
2094 1492 2148 1568 la·

761 1619 886 1694 titans.
1047 1613 1052 1621 ’
1100 1626 1102 1631 ’

608 1744 642 1821 *.
668 1742 724 1819 *³02
776 1742 905 1818 Facies
931 1737 1205 1825 triturationis,
1236 1762 1303 1811 seu
1337 1734 1491 1811 tabulae
1516 1734 1694 1812 dentium
1720 1734 1841 1812 trium
1866 1735 2044 1839 priorum
2069 1766 2149 1815 mo-

758 1865 903 1942 larium
935 1863 1011 1937 sive
1046 1863 1261 1937 lactearum
1294 1884 1315 1933 e
1346 1860 1501 1934 maxilla
1536 1858 1718 1935 inferiore
1744 1856 1805 1953 (²³)
1837 1876 1876 1932 et
1906 1862 2148 1964 esuperiore

759 1987 860 2087 (**).
912 1990 1145 2090 Comparent
1167 2008 1258 2057 vero
1283 1981 1327 2056 in
1354 1981 1494 2057 tabulis
1518 1980 1621 2056 hisce
1645 1980 1787 2056 attritis
1812 1978 1989 2056 dentium
2014 1986 2148 2060 maxil-

757 2116 818 2190 lae
842 2108 1036 2186 inferioris
1059 2105 1166 2214 apud
1197 2118 1290 2180 ι11111111
1314 2123 1353 2180 et
1379 2103 1468 2179 ,dom
1493 2103 1649 2179 dentem
1674 2116 1878 2198 quaternae
1897 2104 2057 2181 lunulae
2077 2109 2148 2184 im-

762 2235 1023 2346 perfectiores,
1059 2232 1103 2306 in
1138 2226 1189 2305 3³⁰
1229 2226 1344 2304 dente
1369 2226 1506 2303 molari
1532 2229 1652 2304 lacteo
1677 2252 1743 2299 sex
1767 2230 1945 2319 lunulae,
1978 2258 2149 2333 quarum

761 2386 947 2439 numerus
984 2351 1091 2460 apud
1124 2351 1310 2429 serotinos
1349 2348 1619 2454 respondentes
1656 2351 1706 2427 ad
1743 2364 1905 2445 quatuor
1936 2352 2037 2429 redit
2076 2353 2147 2447 (cf.

754 2488 834 2588 Fig.
861 2482 895 2558 5.
926 2477 990 2574 ii..)
1052 2481 1112 2551 Ita
1148 2476 1266 2550 etiam
1304 2472 1512 2577 superioris
1550 2477 1728 2549 maxillae
1758 2474 1936 2550 dentium
1970 2476 2148 2578 priorum

760 2606 970 2683 molarium
994 2600 1171 2677 omnium
1197 2596 1317 2674 trium
1343 2598 1484 2673 tabulis
1509 2608 1714 2690 quaternae
1737 2619 1830 2675 sunt
1846 2599 2015 2688 lunulae,
2040 2599 2147 2703 apud

720 2785 722 2789 v
757 2728 944 2807 serotinos
966 2723 1209 2801 succedentes
1234 2720 1388 2797 nonnisi
1415 2718 1525 2791 tinae
1550 2717 1618 2815 (cf.
1646 2721 1724 2824 Fig.
1748 2720 1780 2797 5.
1806 2718 1896 2813 fii).
1957 2727 2003 2795 In
2028 2748 2148 2823 quam

761 2877 917 2929 omnem
947 2849 1193 2934 lunularum,
1229 2843 1336 2950 apud
1366 2843 1653 2919 ruminantium
1682 2842 1813 2921 dentes
1839 2843 2088 2948 temporarios
2109 2864 2149 2919 et

761 2974 947 3050 serotinos
987 2973 1173 3061 molares,
1218 2967 1479 3043 differentiam
1515 2964 1610 3043 adeo
1655 2966 1811 3041 abunde
1847 2986 1964 3069 atque
2001 2968 2148 3071 egregie

761 3114 1039 3174 commentatus
1063 3113 1118 3168 est
1141 3095 1209 3170 cel.
1240 3090 1397 3182 Ourier,
1433 3108 1479 3168 ut
1511 3090 1674 3169 verbum
1698 3089 1839 3168 addere
1862 3094 1958 3168 velle
1983 3074 2061 3168 fere
2083 3116 2149 3192 ne7

761 3220 817 3298 fas
840 3220 889 3296 sit
912 3216 1171 3294 habendum’

562 3450 599 3537 F
602 3478 660 3535 re.
690 3449 731 3533 3.
791 3446 954 3531 Dentes
983 3472 1040 3527 ex
1073 3440 1272 3558 agniculo
1312 3444 1435 3525 unius
1471 3444 1588 3527 anni.

490 3650 499 3668 ⁸
613 3692 648 3741 a.
676 3663 708 3739 b.
736 3687 766 3738 e.
793 3660 828 3735 d.
879 3660 1060 3758 Quatuor
1083 3659 1232 3773 incisivi
1259 3659 1500 3765 temporarii,
1528 3659 1669 3736 tabulis
1693 3661 1863 3737 multum
1889 3660 2056 3754 detritis,
2089 3690 2149 3739 ra-

760 3784 912 3890 dicibus
936 3783 1156 3888 cuspidatis,
1184 3783 1350 3887 expletis

581 3936 586 3945 ·
613 3910 663 3987 Ἀ.
713 3913 883 3989 German
908 3906 1033 3982 dentis
1057 3907 1206 3983 incisivi
1231 3906 1389 3983 serotini
1414 3932 1438 3981 e
1460 3906 1679 4011 primorum
1702 3935 1883 3998 numero,
1915 3908 1986 3985 sub
2011 3907 2159 3984 radici--

757 4036 832 4110 hus
857 4029 1178 4136 temporariorum
1202 4033 1403 4137 pullulans
1425 4048 1465 4106 et
1489 4056 1559 4135 per
1582 4034 1791 4137 capsulam,
1818 4059 1896 4135 qua
1921 4030 2149 4121 includitur,

763 4158 1009 4234 translucens.
1066 4168 1068 4176 '

616 4314 646 4359 r.
673 4267 704 4357 2}
732 4287 765 4359 ὅ.
816 4280 980 4356 Molares
1003 4275 1139 4353 caduci
1165 4275 1277 4367 terni,
1304 4276 1447 4355 tabulis
1470 4279 1640 4355 multum
1665 4276 1823 4370 detritis,
1847 4276 2042 4359 radicibus
2065 4304 2152 4389 per-

757 4402 875 4480 fectis.

616 4527 686 4604 IV.
715 4524 763 4599 V.
810 4528 977 4603 Molares
1007 4522 1182 4614 serotini,
1213 4542 1376 4627 quartus
1400 4542 1438 4599 et
1462 4524 1647 4626 quintus,
1681 4542 1847 4627 uterque
1870 4551 1986 4629 supra
2012 4526 2151 4627 margi-

762 4676 853 4725 nem
884 4646 1111 4721 alveolarem
1141 4666 1306 4737 exstans,
1340 4673 1509 4750 quorum
1538 4646 1700 4721 ultimus
1728 4666 1852 4722 aetate
1874 4674 1937 4723 sex
1961 4649 2151 4723 mensium

762 4774 827 4847 vix
851 4768 1054 4843 inchoatus
1078 4789 1117 4846 et
1141 4768 1191 4844 ad
1217 4769 1401 4845 interiora
1426 4768 1671 4845 absconditus
1694 4789 1777 4847 erat
1802 4768 1899 4873 (Fig.
1926 4798 1956 4845 a.
1988 4768 2066 4863 V.).

619 4900 688 4976 71.
737 4892 897 4971 Molaria
926 4893 1086 4967 serotini
1114 4894 1208 4969 sexti
1243 4918 1418 4997 germen,
1449 4893 1493 4967 in
1523 4894 1667 4969 alveolo
1699 4893 1935 5001 profundius
1968 4890 2151 4981 residens,

766 5017 988 5093 nucleolum
1012 5017 1265 5119 gelatinosum
1290 5043 1442 5095 merum
1465 5017 1658 5093 exhibens
