4809 6142
297 1447 497 1583 Amicus
525 1525 664 1620 meus,
699 1499 1012 1599 Hostmcnnus,
1042 1494 1289 1584 Medicinae
1312 1497 1499 1604 'Doct0r,
1531 1501 1627 1617 qui,
1655 1522 1887 1622 postquam

295 1641 545 1728 mdicinae
583 1638 881 1726 studiosorum
919 1669 1096 1725 cursum
1132 1641 1177 1722 in
1214 1639 1294 1723 hac
1332 1640 1562 1725 literarum
1594 1640 1887 1731 Universitate

299 1783 709 1896 Georgia‘Augusta
736 1813 822 1866 una
849 1811 1024 1868 mecum
1051 1781 1132 1866 rite
1160 1780 1430 1887 absolverat,
1476 1782 1759 1871 Surinamum
1792 1816 1892 1900 pro-

297 1923 462 2030 sectus,
498 1957 615 2010 nunc
654 1925 719 2010 ibi
755 1924 1010 2011 felicissimo
1046 1953 1249 2010 successu
1281 1948 1419 2012 artem
1444 1925 1663 2012 medicam
1690 1936 1886 2034 exercet,

296 2099 347 2153 ex
386 2069 613 2182 inopinato
648 2098 787 2181 nuper
816 2099 903 2151 non
931 2067 1066 2153 modo
1091 2067 1340 2180 plantarum
1368 2067 1744 2155 Surinamensium
1772 2072 1886 2155 infra

297 2229 638 2292 memoratarum
666 2207 925 2290 fasciculum
952 2205 1009 2290 ad
1036 2238 1105 2291 me
1132 2208 1276 2312 misit,
1320 2209 1398 2292 sed
1429 2210 1555 2323 longe
1581 2209 1729 2323 plures
1755 2213 1886 2296 etiam

292 2378 341 2433 ea
380 2346 636 2432 conditione
671 2376 715 2430 se
753 2347 986 2431 missurum
1016 2376 1106 2432 esse
1135 2344 1357 2460 pollicitus
1384 2372 1470 2454 est,
1518 2373 1566 2434 ut
1591 2351 1888 2439 examinarem

292 2493 418 2592 istas,
463 2489 703 2601 specimina
739 2487 868 2570 unius
905 2487 1191 2605 eiusdemque
1226 2493 1388 2604 speciei
1419 2491 1582 2603 pluries
1610 2498 1887 2582 occurrentia

290 2630 467 2716 modico
494 2631 638 2744 pretio
666 2628 929 2732 venderem,
965 2652 1008 2712 et
1033 2658 1114 2741 pro
1142 2633 1332 2714 nummis
1359 2635 1545 2745 acceptis
1567 2637 1883 2722 recentissimos

291 2770 570 2857 medicorum
598 2771 968 2858 Germanicorum
1000 2767 1140 2855 libros
1173 2775 1215 2858 ei
1241 2773 1524 2858 remitterem.
1583 2771 1655 2860 Ad
1680 2775 1803 2892 quod
1828 2778 1882 2863 li·

290 2913 440 2999 berale
468 2914 814 3016 commercium,
848 2941 1013 3028 quum,
1042 2936 1208 3027 quanto
1236 2913 1301 2998 rei
1328 2913 1554 3000 herbariae
1583 2916 1879 3004 emolumento

294 3055 493 3141 futurum
518 3056 594 3160 sit,
637 3055 975 3157 intellexissem,
1020 3083 1090 3136 me
1118 3053 1455 3138 libentissimum
1482 3054 1678 3168 praebui.
1799 3110 1803 3116 ·

406 3196 661 3280 Plantarum
687 3199 830 3310 prima
862 3197 958 3280 vice
989 3217 1264 3306 acceptarum
1292 3196 1401 3280 aliae
1430 3227 1565 3280 novae
1594 3221 1721 3302 sunt,
1769 3200 1878 3284 aliae

290 3340 359 3424 vel
376 3339 530 3422 'minus
558 3337 627 3423 vel
655 3337 766 3421 male
795 3337 1019 3445 cognitae,
1054 3337 1162 3420 aliae
1190 3338 1236 3419 in
1263 3337 1495 3420 Surinamo
1524 3362 1648 3452 antea
1682 3339 1879 3442 nondum

290 3478 554 3564 observatae.
616 3477 788 3586 Quibus
817 3477 1077 3588 computatis
1104 3497 1266 3559 restant
1290 3475 1594 3588 paucissimae,
1620 3508 1726 3595 quas
1752 3508 1878 3591 prae·

286 3622 525 3706 termittere
552 3619 804 3732 potuissem.
865 3615 953 3701 Sed
978 3621 1067 3701 iam
1094 3617 1200 3734 quia
1226 3619 1509 3729 paucissimae
1535 3641 1652 3724 sunt,
1685 3641 1728 3704 et
1754 3618 1878 3705 hasce

148 3752 156 3772 '
245 3791 550 3862 ¹,memorasse
590 3759 652 3866 fas
685 3761 781 3843 erit.
854 3757 944 3844 Nec
981 3757 1148 3871 plantas
1186 3757 1322 3840 cultas
1350 3758 1583 3842 excludere
1611 3788 1737 3842 ausus
1763 3791 1875 3867 sum,

286 3927 379 3984 tum
406 3908 510 4013 quia
537 3920 581 3979 et
601 3895 756 3978 harum
780 3896 971 4004 cognitio
992 3897 1181 3980 multum
1203 3895 1373 3979 confert
1394 3896 1445 3978 ad
1470 3897 1697 3983 historiam
1716 3923 1759 3985 et
1778 3931 1878 4011 geo·

288 4041 512 4156 graphium
563 4039 838 4153 plantarum,
887 4061 979 4121 tum
1019 4066 1073 4118 ne
1123 4034 1169 4117 in
1212 4063 1382 4118 errores
1421 4036 1692 4143 inciderem,
1740 4070 1879 4156 quum

285 4213 434 4269 omnes
468 4211 646 4295 prorsus
685 4179 924 4264 inventoris
963 4176 1264 4263 adnotationes
1292 4174 1346 4259 de
1373 4174 1622 4290 plantarum
1647 4181 1877 4267 missarum

287 4301 616 4406 conditionibus
653 4319 973 4406 desiderentur.

398 4463 551 4547 Plures
589 4461 744 4548 barum
783 4463 1034 4576 plantarum
1070 4487 1167 4549 ante
1202 4463 1373 4581 aliquot
1408 4493 1542 4548 anuos
1580 4466 1626 4550 in
1651 4446 1869 4553 Herbario

282 4637 361 4690 suo
398 4606 700 4690 Martinicensi
734 4605 949 4689 botanicis
989 4606 1149 4691 obtulit
1185 4605 1238 4690 cl.
1275 4607 1441 4704 Sicber,
1483 4637 1590 4723 quas
1627 4637 1727 4692 cum
1761 4612 1870 4697 meis

283 4748 437 4834 sedulo
474 4748 739 4863 comparavi.
800 4748 918 4834 Alias
954 4751 1103 4864 paullo
1130 4758 1251 4861 prius
1280 4750 1322 4831 in
1352 4748 1611 4833 nitidissima
1635 4778 1710 4832 sua
1738 4749 1870 4838 Flora

281 4888 631 5008 Essequeboensi
660 4890 888 5006 descripsit
915 4892 968 4977 cl.
1001 4889 1053 4979 G.
1083 4891 1137 4975 F.
1167 4892 1242 4980 W
1269 4890 1447 5000 Meyer,
1488 4893 1613 5004 regni
1638 4890 1870 4980 Hannove·

279 5037 375 5117 rani
400 5031 750 5148 Physiographus
766 5064 779 5142 3
812 5037 884 5118 cui
910 5065 991 5148 pro
1018 5033 1227 5145 singulari
1256 5028 1590 5141 benevolentia,
1624 5060 1711 5151 qua
1736 5066 1862 5152 quas·
