4809 6142
229 1452 409 1623 Qualis
455 1504 608 1616 priscis
653 1503 924 1619 temporibus
963 1502 1100 1590 fuerit
1137 1504 1351 1594 frumenti
1388 1504 1591 1612 ubertas,
1641 1484 1839 1597 investi·¹

228 1675 328 1758 gare
366 1646 545 1731 maximi
574 1668 691 1733 certe
727 1645 929 1733 videatur
965 1648 1177 1735 momenti
1215 1647 1272 1735 ad
1310 1647 1622 1754 efficiendum,
1666 1672 1817 1737 utrum

226 1810 375 1875 nostro
418 1818 469 1873 ac
505 1789 691 1904 pristino
729 1810 835 1879 aevo
878 1790 1054 1877 meliori
1095 1820 1149 1875 an
1191 1790 1404 1877 deteriori
1445 1789 1700 1878 conditione
1747 1822 1815 1876 res

226 1932 389 2017 rustica
417 1933 483 2017 uti
514 1930 730 2019 censenda
759 1934 840 2042 sit;
883 1963 1059 2052 quaque
1091 1933 1137 2016 in
1167 1961 1295 2019 causa
1321 1931 1582 2037 discrimen,
1630 1930 1818 2049 siquod

227 2069 384 2176 detur,
432 2076 547 2159 inter
576 2074 738 2187 prioris
773 2076 1122 2192 recentiorisque
1161 2074 1312 2161 aetatis
1348 2074 1620 2161 fertilitatem
1650 2074 1707 2158 sit
1734 2101 1818 2186 po.

226 2212 449 2315 nendum,
493 2212 687 2327 denique
721 2214 780 2299 ad
813 2215 959 2300 lucem
994 2216 1220 2302 nonnullis
1252 2218 1516 2327 scriptorum
1548 2244 1648 2297 cum
1674 2242 1817 2298 sacro·

225 2381 325 2436 rum
353 2373 446 2438 tum
476 2350 765 2466 profanorum
795 2351 1124 2461 effundendam.
1187 2354 1308 2439 Illud
1333 2384 1438 2440 vero
1465 2383 1645 2440 examen
1664 2378 1713 2439 ut
1736 2356 1817 2439 rite

226 2496 396 2580 institui
425 2498 588 2608 possit,
630 2520 727 2581 ante
765 2498 911 2581 omnia
937 2492 1254 2591 attendendum
1281 2497 1355 2581 est'
1374 2496 1432 2581 ad
1461 2525 1530 2582 eas
1560 2496 1819 2610 praesertim

227 2659 388 2737 terras,
434 2635 481 2717 iu
518 2633 679 2749 quibus
710 2635 976 2746 agricultura
1007 2636 1193 2719 maxime
1228 2634 1335 2720 olim
1365 2634 1541 2739 floruit,
1583 2658 1626 2720 et
1661 2632 1815 2737 adid,

228 2774 351 2893 quod
391 2800 590 2863 auctores
625 2779 887 2865 certissimae
927 2775 1033 2864 fidei
1073 2775 1153 2862 hac
1196 2775 1252 2863 de
1296 2807 1344 2862 re
1371 2775 1497 2863 uobis
1524 2776 1813 2895 reliquerunt.

226 2916 489 3022 Eiusmodi,
534 2921 581 3003 ni
611 2918 769 3026 fallor,
809 2920 1057 3035 provincias
1091 2919 1136 3003 in
1170 2918 1349 3024 Africa,
1390 2916 1518 3025 Asia,
1556 2919 1743 3005 Graecia
1774 2942 1818 3007 et

226 3057 351 3143 Italia
380 3060 480 3145 sitas
510 3060 860 3178 frequentissime
889 3063 1091 3179 reperies.
1132 3059 1298 3146 Mirum
1328 3088 1429 3146 sane
1459 3059 1603 3148 videri
1633 3063 1813 3173 poterit,

227 3202 495 3287 mentionem
530 3203 739 3291 ubertatis
769 3236 901 3323 quarn
936 3207 1148 3291 maximae
1184 3201 1283 3289 fieri
1309 3203 1398 3288 iam
1429 3202 1532 3288 inde
1563 3232 1587 3287 a
1619 3205 1817 3289 remotis-

226 3341 348 3426 simis
387 3343 682 3457 temporibus,
723 3346 884 3463 quibus
927 3346 1205 3462 disciplinam
1242 3343 1566 3457 agricolationis
1602 3347 1726 3459 quasi
1768 3348 1815 3428 in

229 3482 457 3569 cunabulis
497 3484 640 3572 adhuc
680 3487 813 3572 fuisse
854 3488 1036 3576 credere
1067 3487 1232 3573 malles.
1294 3486 1488 3590 Isaacus,
1534 3486 1612 3601 qui
1642 3488 1816 3571 saeculo

225 3618 319 3706 fere
350 3623 559 3710 vicesimo
593 3647 689 3710 ante
723 3626 949 3711 Christum
980 3653 1130 3715 natum
1156 3632 1288 3732 vixit,
1334 3627 1525 3730 Gerare,
1570 3656 1683 3742 quae
1711 3628 1816 3713 urbs

227 3758 512 3845 Philistarum
542 3787 606 3845 est
637 3767 815 3873 regione
833 3766 1119 3869 Palaestinae,
1150 3796 1307 3851 messes
1334 3798 1435 3850 cum
1467 3768 1704 3852 centesimo
1732 3768 1818 3857 fae·

226 3930 336 3984 nore
367 3900 519 3983 fecisse
550 3896 760 4015 ferturt).
820 3902 905 3986 Hic
936 3933 1041 3989 vero
1078 3904 1350 4018 hyperbolen
1383 3907 1520 3992 inesse
1561 3907 1818 4023 interpretes

227 4064 373 4125 sacrae
406 4040 649 4155 scripturae
682 4041 799 4129 haud
829 4046 959 4159 pauci
991 4071 1267 4134 censuerunt.
1330 4047 1423 4161 lpse
1455 4046 1705 4155 Michaelis,
1740 4048 1816 4135 ho-

227 4212 327 4265 rum
374 4180 504 4269 facile
550 4184 788 4301 princeps,
836 4185 891 4270 ad
938 4188 1054 4274 huuc
1105 4191 1255 4274 locum
1303 4188 1460 4275 melius
1506 4189 1815 4304 explicandum

228 4324 358 4407 etiam
390 4321 446 4407 de
477 4326 647 4439 punctis
677 4325 862 4413 iudaicis
894 4330 1178 4417 immutandis
1213 4332 1440 4443 cogitavit,
1483 4329 1699 4419 hordeum
1735 4335 1817 4416 sci·

226 4464 356 4570 licet,
399 4466 655 4582 etquidem
687 4469 887 4582 nigrum,
913 4475 978 4557 ¹iu
1014 4473 1263 4587 regionibus
1295 4471 1579 4559 orientalibus
1604 4472 1816 4559 frumenti

228 4636 360 4718 genus
403 4607 750 4730 ferocissimum,
794 4613 890 4700 heic
932 4614 1150 4731 designari
1189 4616 1555 4723 autumansght
1593 4644 1697 4703 vero
1732 4615 1815 4703 hoc

227 4747 292 4832 nil
322 4779 430 4865 opus
456 4776 545 4859 est,
587 4754 754 4840 omissis
789 4758 951 4843 etenim
984 4762 1114 4846 variis
1144 4782 1285 4846 tautae
1318 4756 1528 4846 ubertatis
1556 4758 1717 4866 causis,
1761 4757 1821 4846 de·

233 4968 551 4989 Ἠ

270 5088 302 5160 ')
323 5088 459 5154 Generis
480 5090 622 5174 xxvi,
650 5116 694 5162 ra.
