4809 6142
822 599 983 676 Plantae
1016 597 1314 678 Surincmenses.

865 955 928 1010 22.
967 922 1277 1014 1122222222.

387 1122 457 1235 37.
498 1119 652 1208 Urtica
683 1116 764 1205 lati
781 1119 867 1206 olio
897 1120 1021 1208 Rich.

387 1260 569 1368 Annua,
614 1261 731 1347 foliis
775 1263 952 1349 alternis
1000 1266 1136 1352 oratis
1175 1261 1433 1349 acuminatis
1485 1291 1629 1377 grosse
1671 1285 1867 1352 serrato·

271 1405 483 1515 dentatis,
516 1404 700 1492 racemis
733 1406 985 1521 compositis
1019 1405 1277 1492 axillaribns
1307 1429 1351 1492 et
1382 1406 1714 1513 terminalibus,
1744 1406 1867 1493 flori-

268 1547 350 1633 bus
378 1549 626 1661 glomeratis
658 1550 887 1638 monoicis.

335 1687 391 1774 U.
424 1686 505 1774 lati
523 1687 609 1775 olic
636 1691 759 1777 Rich.
784 1699 829 1778 in
850 1694 984 1780 Mem.
1006 1723 1093 1780 soc.
1115 1694 1246 1809 paris.
1280 1720 1375 1806 pag.
1398 1692 1491 1778 113.
1534 1689 1710 1779 Sieber!
1743 1690 1866 1778 herb.

447 1834 666 1920 martinic.
698 1865 882 1923 nr.212.
916 1837 960 1922 in
994 1834 1122 1922 Oltcn
1155 1836 1228 1921 isis
1264 1835 1388 1920 1822.
1420 1833 1583 1946 anaeig.
1615 1863 1711 1947 pag.
1729 1833 1830 1936 434.

337 1975 393 2062 U.
420 1976 706 2063 coruvellunu
736 1979 957 2066 Schranclt
992 1981 1040 2064 in
1072 1979 1285 2092 Regensb.
1312 1974 1543 2061 denkschr.
1571 1973 1645 2060 llI.
1675 2004 1772 2090 pag.
1796 1974 1866 2061 28.

438 2119 566 2205 Hort.
596 2119 714 2205 Mon.
749 2121 835 2208 rab.
853 2125 921 2209 82.

385 2257 524 2343 Radix
566 2291 736 2364 annua,
786 2259 962 2346 fibrosa.
1025 2260 1177 2348 Catulis
1218 2257 1510 2373 spithamaeus
1555 2259 1625 2346 vel
1670 2257 1867 2375 pedalis,

267 2420 460 2516 erectus,
498 2430 658 2514 parum
688 2431 906 2508 ramosus,
956 2425 1006 2488 ut
1037 2426 1127 2488 tota
1155 2401 1307 2516 planta
1337 2401 1440 2514 pilis
1473 2401 1581 2485 raris
1620 2401 1869 2514 patentibus
1924 2390 1927 2399 ¹

267 2539 508 2656 adspersus.
569 2542 698 2626 Folia
729 2544 911 2648 alterna,
943 2546 1029 2630 late
1063 2566 1205 2647 ovata,
1228 2545 1510 2648 acuminata,
1554 2544 1695 2628 rarius
1726 2568 1867 2648 acuta,

271 2711 415 2796 grosse
448 2682 865 2788 serrato-dentata,
909 2682 1212 2797 magnitudine
1244 2714 1460 2801 perquam
1492 2685 1636 2788 varia,
1685 2686 1730 2768 in
1761 2688 1869 2772 meis

264 2823 580 2938 speciminibus
624 2825 711 2910 alia
755 2826 965 2941 pollicem
1002 2829 1132 2938 longa
1173 2847 1217 2910 et
1259 2825 1413 2910 decem
1451 2826 1587 2910 lineas
1626 2824 1734 2926 lata,
1784 2827 1869 2911 alia

266 2964 359 3051 lere
390 2966 677 3082 semipedalia
713 2989 757 3053 et
787 2992 976 3086 quatuor
1006 2968 1077 3054 vel
1110 2969 1310 3085 quinque
1348 2966 1531 3083 pollices
1561 2965 1658 3052 lata.
1722 2966 1868 3055 Petic-

266 3104 336 3189 lus
366 3107 544 3192 circiter
573 3107 789 3194 dimidiae
821 3109 1013 3196 laminae
1041 3107 1346 3222 longitudine,
1391 3109 1438 3192 in
1468 3107 1588 3193 loliis
1620 3109 1868 3195 minoribns

265 3248 432 3336 ratione
471 3248 618 3336 habita
657 3251 860 3364 longior,
901 3258 947 3336 in
985 3229 1228 3337 maioribus
1266 3250 1457 3336 brevior.
1528 3249 1705 3335 Racemi
1746 3253 1865 3336 varie

266 3392 519 3503 compositi,
553 3394 804 3478 terminales
837 3416 881 3479 et
906 3393 1123 3496 axillares,
1156 3392 1310 3495 erecti,
1340 3390 1552 3476 soliorum
1573 3391 1749 3475 circiter
1770 3392 1868 3476 lon-

262 3532 489 3645 gitndine,
534 3534 786 3622 ebracteati.
847 3536 882 3618 F
886 3536 1000 3620 lores
1031 3535 1290 3647 glomerati,
1323 3531 1585 3646 pedunculis
1616 3530 1866 3617 subdivari·

265 3676 398 3784 catis3
431 3675 665 3762 inferiores
695 3676 922 3782 foeminei,
956 3677 1206 3788 superiores
1233 3675 1427 3760 masculi.
1489 3671 1589 3759 Nux
1618 3672 1865 3784 perianthio

264 3816 482 3932 subtriplo
513 3819 712 3926 longior,
746 3842 899 3922 ovata,
933 3819 1056 3931 apice
1090 3817 1295 3920 incurva,
1327 3812 1508 3900 sordide
1540 3812 1744 3896 albicans.

777 4056 840 4141 13.
903 4055 1362 4142 Euenountacnnu.

388 4231 458 4319 38.
488 4230 693 4347 latropha
734 4226 954 4318 multifida
982 4232 1125 4357 Lino.
1157 4253 1237 4346 sp.
1273 4232 1332 4347 pl.
1377 4260 1472 4349 pag.
1509 4229 1633 4342 2429.
1702 4229 1863 4318 Swartz
1906 4265 1911 4275 ’

267 4375 440 4463 observ.
471 4404 569 4490 pag.
593 4373 691 4460 368.

380 4512 507 4600 Folia
537 4512 669 4596 nimis
703 4516 839 4600 varia.
899 4512 949 4599 In
983 4513 1078 4600 aliis
1104 4511 1419 4628 speciminibus
1443 4511 1641 4626 apprime
1663 4508 1862 4596 elusdem
1917 4519 1926 4540 ‘

267 4654 435 4742 formae
466 4677 510 4741 et
541 4653 883 4765 magnitudinis,
927 4684 1060 4771 quam
1091 4656 1138 4739 in
1170 4657 1297 4742 icone
1329 4655 1576 4768 Breyniana
1606 4653 1736 4773 (exet.
1766 4681 1863 4736 cen·

121 4839 124 4844 ¹
265 4821 350 4884 tur.
392 4796 479 4883 tab.
505 4791 593 4910 53.)
607 4857 619 4898 ,
650 4797 853 4909 'plurima
894 4794 1195 4911 septemloba,
1238 4797 1351 4882 lobis
1393 4796 1633 4882 linearibus
1671 4795 1861 4909 pinnati·

266 4933 395 5047 fidis3
443 4939 489 5022 in
521 4937 619 5022 aliis
653 4934 787 5050 triplo
819 4910 1011 5039 maiora,
1055 4935 1397 5040 undecimloba,
1441 4934 1557 5020 lobis
1588 4934 1857 5036 lanceolatis,

264 5078 359 5166 basi
409 5079 626 5184 cuneatis,
689 5077 813 5195 apice
859 5077 1143 5181 acuminatis,
1203 5075 1492 5164 exterioribus
1537 5072 1858 5189 angustioribus
