4809 6142
740 600 788 670 de
812 596 1017 672 dentitione
1043 601 1125 673 otis
1149 601 1389 676 domesticae.

269 813 375 900 Tse.
408 811 526 898 LIX.
572 809 609 896 F
611 841 669 896 rc.
705 814 748 914 d.
811 813 911 900 Ovis
939 818 1100 902 bannis
1131 813 1291 900 dentes.

318 1013 368 1088 A.
397 1012 429 1088 b.
458 1037 488 1087 c.
515 1014 550 1088 d.
602 1015 748 1093 Dentes
777 1019 946 1111 incisim,
982 1047 1162 1138 quorum

365 1112 416 1187 A.
468 1115 690 1191 Primorum
718 1117 899 1194 incisivus
927 1119 1096 1209 simster,
1120 1119 1332 1212 serotinus;
1358 1119 1563 1224 eruptione
1591 1119 1783 1211 absoluta,
1810 1147 1867 1196 re-

468 1211 670 1328 liquorum
696 1259 747 1276 -
776 1217 1002 1295 etiamnunc
1034 1223 1248 1295 lacteorum
1272 1263 1323 1278 -
1349 1218 1486 1294 seriem
1519 1243 1697 1335 aequans.
1750 1220 1866 1311 Idem,

525 1340 538 1385 1
566 1339 670 1390 anno
694 1315 828 1391 aetatis
874 1318 974 1393 rimo
998 1337 1045 1394 ut
1074 1317 1343 1394 rudimentum
1364 1341 1519 1394 merum
1547 1345 1590 1394 m
1614 1321 1867 1396 interioribus

467 1338 626 1487 dtinuit
660 1411 771 1507 (Tab.
787 1345 941 1490 Lim.
976 1419 1055 1535 Fig.
1076 1424 1108 1492 ὅ.
1135 1415 1219 1511 A).

373 1509 404 1585 b.
432 1534 462 1583 c.
488 1511 523 1580 d.
575 1513 720 1589 Dentes
749 1516 897 1593 incisivi
924 1519 1037 1593 lactei
1069 1517 1188 1607 terni,
1222 1515 1368 1592 scilicet
1396 1513 1544 1589 medius
1573 1514 1751 1591 internus
1783 1515 1861 1612 (b),

468 1609 618 1686 medius
641 1633 822 1691 externus
852 1615 916 1711 (e)
947 1636 986 1693 et
1023 1615 1189 1692 lateralis
1223 1611 1303 1709 (d).
1355 1615 1499 1689 Omnes
1528 1614 1751 1691 tabularum
1782 1620 1865 1693 loco

467 1711 640 1826 multum
670 1714 802 1792 detriti
834 1716 999 1820 ideoque
1032 1718 1075 1792 in
1102 1715 1280 1792 universe
1309 1711 1434 1790 dentis
1460 1711 1703 1816 longitudine
1732 1716 1867 1791 abbre-

469 1829 572 1884 viati.

368 1908 414 1982 B.
466 1908 604 1985 Dentis
629 1913 790 1992 serotini
814 1914 931 1990 medii
960 1915 1106 1992 interni
1130 1915 1414 2002 rudimentum,
1442 1911 1493 1986 ad
1511 1910 1747 1987 caducorum
1766 1913 1867 1988 radi-

470 2034 555 2083 cem
578 2011 701 2087 evolvi
727 2016 935 2120 incipiens,
972 2043 1075 2092 anno
1105 2014 1225 2091 serius
1248 2012 1407 2090 demum
1440 2012 1686 2116 eruptionem
1716 2012 1865 2088 absolu-

470 2125 614 2184 turum.

327 2235 352 2276 1.
382 2233 412 2280 2.
442 2212 473 2280 3.
526 2209 670 2283 Dentes
700 2212 862 2286 molares
895 2209 1118 2316 temporarii
1152 2210 1253 2284 terni
1279 2210 1443 2313 priores,
1479 2210 1621 2284 tabulis
1646 2210 1864 2314 plurimum

467 2302 633 2394 detritis,
671 2308 867 2383 radicibus
902 2309 1147 2412 absorptione
1180 2306 1247 2403 (ut
1281 2307 1348 2382 alii
1384 2306 1537 2398 dicunt,
1575 2309 1864 2385 succedentium

466 2405 728 2480 serotinorum
755 2405 969 2512 pressione)
995 2407 1253 2485 comminutis.

318 2506 349 2576 Ι.
376 2504 429 2577 ΙΙ.
457 2504 532 2575 III.
584 2505 772 2582 Germina
796 2507 976 2580 dentium
1002 2526 1205 2582 ternorum
1227 2507 1487 2581 serotinorum
1513 2506 1706 2609 priorum,
1734 2505 1778 2579 in
1803 2533 1865 2580 ca-

468 2603 661 2678 ducorum
690 2602 745 2698 (1.
773 2633 805 2678 2.
833 2603 886 2700 3.)
921 2607 1050 2680 locum
1082 2607 1203 2682 serius
1234 2603 1524 2680 succedentium
1532 2637 1543 2698 3
1576 2604 1770 2683 radicibus
1802 2607 1865 2679 vix

469 2701 668 2794 indicatis,
702 2702 880 2779 dentium
907 2704 1054 2778 truncis
1079 2703 1181 2779 infra
1207 2703 1416 2777 hiantibus.

318 2799 392 2873 IV.
423 2801 468 2875 V.
499 2799 567 2872 VI.
616 2804 760 2880 Dentes
793 2805 956 2878 molares
987 2803 1145 2879 serotini
1180 2803 1283 2878 terni
1313 2801 1461 2892 ultimi,
1495 2829 1666 2905 quorum
1690 2798 1798 2872 tVte
1822 2821 1862 2878 et

473 2899 577 2993 Vm,
612 2903 819 3006 eruptione
851 2902 929 2977 iam
953 2929 1058 2978 anno
1081 2903 1281 3008 superiore
1306 2901 1498 2990 absoluta,
1535 2903 1707 2977 tabulam
1733 2905 1781 2979 ab
1808 2923 1864 2978 at-

470 3003 569 3077 tritu
593 3003 764 3076 multum
791 3020 931 3075 tactam
956 3000 1186 3098 ostendunt3
1223 2999 1325 3082 [spur
1348 3025 1455 3090 sero,
1486 3001 1550 3075 vix
1574 3000 1624 3076 ad
1650 3005 1863 3106 marginem

469 3101 698 3176 alveolarem
729 3100 921 3191 admotus,
953 3101 1131 3177 nondum
1162 3129 1278 3208 supra
1304 3101 1473 3205 gingivas
1497 3121 1701 3205 comparet
1759 3105 1864 3178 Cete-

467 3227 557 3275 rum
583 3226 713 3276 omnes
737 3200 780 3275 hi
807 3200 938 3277 dentes
962 3229 983 3276 a
1010 3201 1206 3279 radicibus
1231 3199 1456 3304 incompleti
1481 3227 1526 3277 eo
1552 3201 1685 3303 magis,
1712 3228 1791 3302 quc
1809 3227 1863 3276 se-

471 3299 584 3375 rioris
606 3318 699 3376 sunt
722 3298 973 3384 formationis.

271 3517 306 3601 F
311 3548 367 3602 rc.
406 3517 444 3602 5.
504 3519 716 3604 Dentium
747 3539 984 3636 apparatus
1012 3553 1069 3609 ex
1099 3553 1174 3612 ove
1205 3525 1364 3608 trienni
1370 3555 1386 3629 ,·
1422 3517 1597 3606 adiectis
1633 3519 1862 3606 eorundem

564 3637 809 3746 tabularum
827 3640 997 3758 figuris.

319 3828 369 3903 A.
400 3829 443 3904 B.
472 3856 502 3903 e.
530 3832 564 3904 d.
615 3833 761 3908 Dentes
786 3835 955 3928 incisivi;
1038 3835 1279 3925 orambim,
1312 3833 1389 3908 scil.
1417 3831 1636 3935 primorum
1660 3857 1768 3907 unus
1794 3829 1865 3925 (A)

468 3947 508 4002 et
538 3928 688 4004 medius
722 3931 898 4006 internus
934 3931 949 4025 (
956 3933 987 3999 B
1043 3933 1200 4002 serotini
1207 3957 1222 4020 ,·
1263 3931 1348 4004 bini
1382 3931 1607 4021 temporarii
1640 3930 1866 4006 etiamnunc

470 4025 632 4116 residui,
658 4026 807 4103 medius
831 4030 1021 4104 nimirum
1045 4051 1225 4110 externus
1249 4025 1311 4122 (c)
1337 4044 1375 4101 et
1399 4028 1567 4103 lateralis
1592 4025 1606 4122 (
1644 4025 1668 4122 ).

325 4125 362 4196 0.
421 4125 591 4201 Germen
625 4124 751 4203 dentis
780 4129 939 4204 serotini
976 4128 1124 4206 incisivi
1155 4127 1273 4206 medii
1308 4127 1470 4215 externi,
1505 4127 1594 4202 satis
1627 4127 1703 4200 iam
1738 4130 1866 4203 evolu-

469 4245 575 4315 tum,
600 4225 651 4300 ad
676 4227 821 4303 radices
835 4227 1072 4304 caducorum
1091 4250 1220 4305 tamen
1233 4230 1336 4303 intra
1351 4227 1543 4301 alveolum
1561 4225 1838 4301 absconditum.

321 4326 398 4394 1-
409 4323 476 4397 VI.
527 4324 671 4402 Dentes
702 4329 879 4420 molares,
910 4328 1071 4405 serotini
1108 4321 1252 4420 omnes,
1289 4325 1483 4403 radicibus
1508 4325 1685 4400 nondum
1709 4353 1865 4430 prorsus

502 4424 668 4515 erfectis,
697 4428 838 4504 tabulis
863 4448 992 4506 tamen
1016 4428 1178 4505 detritui
1204 4426 1510 4504 adversariorum
1542 4424 1717 4501 obnoxiis
1741 4426 1865 4522 omni-

469 4453 562 4616 ἕπῃ
598 4525 678 4629 ipso
713 4525 828 4601 dente
860 4529 998 4605 ultimo
1025 4527 1137 4624 (VI.)
1175 4527 1339 4604 notabili
1374 4527 1522 4602 ratione
1548 4524 1601 4600 ita
1627 4525 1779 4614 attrito,
1817 4547 1863 4600 ut

473 4624 555 4698 eius
579 4623 740 4698 lunulae
764 4631 1062 4741 comparuerint.

321 4718 346 4772 '⁰⁰‘
395 4721 566 4797 Tabulae
599 4723 716 4798 totius
746 4725 857 4799 seriei
883 4725 1294 4820 dentiummolarirun
1319 4724 1577 4799 serotinorum
1602 4718 1778 4795 maxillae
1804 4723 1864 4797 in-

473 4821 642 4915 ferioris3
676 4847 698 4896 e
729 4825 873 4926 quibus
897 4827 1044 4929 priores
1070 4845 1144 4900 tres
1169 4836 1373 4918 quaternos
1398 4823 1570 4896 offerunt
1594 4821 1750 4894 lunulas
1774 4822 1864 4924 plus

472 4921 602 4996 minus
635 4922 864 5024 irregulares
891 4925 951 4999 vel
987 4927 1245 5028 incompletas.
1306 4925 1478 5020 Quartus
1516 4947 1605 4994 vero
1636 4938 1675 4993 et
1699 4919 1863 5021 quintus

474 5032 677 5114 quaternas
701 5023 859 5098 lunulas
881 5045 1023 5124 gerunt
1048 5025 1248 5126 regulares.
1307 5025 1438 5098 Sextus
1469 5019 1628 5096 demum
1661 5020 1863 5096 accessoria

473 5119 642 5221 quadam
666 5122 805 5196 lunula
833 5126 965 5216 quinta
988 5143 1201 5200 exstructus
1226 5143 1288 5200 est.

1424 5245 1473 5317 90
