4809 6142
795 599 955 678 Plantae
984 599 1281 677 Suriuomerraea·
1529 685 1534 690 g
1764 601 1844 678 76&

305 816 355 903 P.
391 813 675 931 pilosellor'des
715 815 849 906 Linu.
884 819 1044 937 sp.·pl.
1084 820 1182 936 pag.
1217 818 1356 924 1542r
1403 811 1567 903 Willd.
1604 841 1667 927 sp.
1702 808 1762 927 pl.
1789 810 1844 896 V.

422 988 518 1074 pag.
552 959 646 1064 Illl·
1836 1006 1842 1014 ·

305 1098 409 1185 Var.
436 1108 475 1208 β.
521 1099 557 1185 F
561 1101 775 1223 rondibus
805 1102 1027 1192 fertilibus
1058 1101 1299 1191 linearibus
1329 1094 1759 1219 pseudo-repandis.

304 1242 355 1328 Ρ.
392 1240 584 1329 ciliorum
614 1242 777 1331 Willd.
804 1246 832 1336 l.
855 1276 891 1331 c.

365 1383 505 1500 Stirps
541 1386 651 1473 mire
687 1387 1007 1505 polymorpba‚
1049 1386 1126 1476 sed
1165 1386 1320 1474 formis
1358 1417 1438 1502 per
1469 1407 1534 1473 tot
1571 1383 1728 1497 gradus
1752 1413 1848 1470 sen·

249 1528 333 1613 sim
355 1525 694 1634 confluentibus,
726 1554 774 1615 ut
795 1530 960 1616 nullam
986 1560 1182 1618 earuma
1208 1530 1391 1647 reliquis
1420 1526 1672 1640 disiungere
1701 1527 1846 1614 liceat.

251 1670 459 1756 Rhizoma
485 1669 808 1785 longissimum,
848 1673 1113 1779 flexuosum,
1152 1670 1385 1759 hincinde
1415 1649 1660 1778 ramosum,
1690 1667 1849 1757 filifor·
1910 1710 1913 1715 ·

252 1841 350 1916 me,
396 1833 570 1914 setoso·
592 1811 862 1927 paleaceum.
933 1815 1133 1902 Frondes
1173 1814 1395 1931 plurimae
1435 1814 1631 1919 steriles,
1678 1814 1849 1928 primae

251 1952 485 2040 cuiuslibet
528 1954 777 2042 rhizomatis
824 1955 1381 2061 orato-suburbicnlatae,
1422 1976 1652 2076 sequentes
1686 1954 1845 2040 sensim

253 2095 446 2207 legitime
474 2117 652 2198 ovatae,
690 2095 870 2184 obtusae
897 2100 968 2185 vel
998 2097 1321 2202 acutiusculae‚
1361 2122 1465 2184 tuuc
1497 2098 1606 2182 aliae
1634 2093 1847 2206 oblongo·

253 2259 431 2340 ovatae,
482 2233 697 2346 oblongae
728 2259 774 2320 et
811 2267 910 2322 vere
948 2211 1241 2341 lanceolatae,
1284 2237 1421 2322 modo
1456 2237 1661 2340 obtusae,
1713 2234 1847 2322 modo

255 2399 433 2481 acutae,
464 2373 600 2468 modo
632 2377 901 2463 acuminatas
931 2379 1131 2464 acumine
1159 2377 1390 2484 obturato,
1425 2376 1481 2463 ad
1507 2377 1631 2465 basin
1656 2377 1847 2490 plerum.

253 2549 340 2634 que
369 2516 645 2623 rotundatas,
673 2517 815 2602 rarius
842 2520 887 2603 in
914 2517 1167 2604 lanceolatis
1194 2543 1371 2627 acutae,
1405 2550 1556 2604 omnes
1581 2519 1847 2638 plerumque

252 2660 411 2744 sensim
449 2657 696 2772 longiores,
739 2662 798 2745 ita
833 2680 883 2743 ut
918 2659 1152 2774 primariae
1195 2689 1323 2772 saepe
1362 2659 1434 2746 vix
1474 2659 1847 2773 semipullicares,

253 2799 434 2887 ultimae
461 2799 841 2916 sesquipollicares
867 2822 910 2886 et
935 2800 1155 2914 longiores
1183 2801 1472 2916 reperiantur.
1535 2781 1571 2886 F
1576 2800 1735 2890 rondes
1761 2803 1848 2891 fer-

256 2940 353 3028 tiles
375 2940 600 3062 ·sterilibus
627 2941 730 3025 hinc
757 2937 860 3026 iude
889 2941 1065 3052 mixtae,
1092 2943 1350 3058 praesertim
1376 2971 1524 3027 versus
1552 2943 1723 3058 apicem
1754 2946 1847 3032 rhi-

250 3084 465 3185 nomatis,
507 3112 679 3196 semper
715 3082 926 3198 proximis
957 3083 1178 3171 sterilibus
1204 3085 1494 3198 angustiores:
1536 3084 1752 3172 informa
1783 3090 1849 3177 le·

256 3225 407 3339 gitima
441 3223 822 3316 Willdenovviana
861 3229 1021 3342 (quarn
1056 3255 1143 3310 non
1182 3258 1234 3311 ex
1270 3227 1502 3311 Suriuamo
1536 3223 1720 3342 quidem
1766 3231 1854 3318 sed*

256 3365 435 3454 aliunde
466 3365 703 3475 babemus)
730 3365 1025 3471 lanceolatae,
1072 3366 1297 3452 sterilibus
1341 3368 1550 3482 proximis
1587 3368 1751 3476 oratis,
1795 3373 1846 3459 in

254 3533 345 3593 var.
367 3521 404 3620 β.
436 3506 761 3617 (Suriuamensi
789 3529 963 3613 nostra,
1000 3535 1131 3624 quam
1163 3507 1512 3598 Willdenowius
1539 3505 1771 3626 descripsit
1794 3545 1848 3602 ex

254 3646 467 3765 Brasilia)
491 3650 709 3753 lineares,
740 3647 963 3736 sterilibus
988 3648 1200 3764 proximis
1227 3649 1498 3736 lanceolatis.
1546 3648 1699 3764 Margo
1731 3652 1852 3740 frou·

148 3781 157 3801 ⁰
251 3789 515 3904 'dis-semper
533 3790 733 3904 paullum
759 3787 1006 3890 revolutus,
1040 3793 1295 3902 praesertim
1313 3792 1360 3876 in
1382 3790 1620 3895 fertilibus,
1653 3794 1771 3882 unde
1797 3800 1846 3886 in·

253 3956 346 4015 var.
377 3927 442 4034 a,
476 3929 554 4012 ubi
580 3927 670 4010 sori
711 3926 936 4012 densiores
978 3956 1067 4012 esse
1107 3929 1279 4037 solent,
1320 3927 1370 4016 fit
1400 3931 1846 4048 pseudo-repandus.

256 4071 472 4157 Hirsuties
507 4068 679 4158 frondis
712 4069 758 4155 in
791 4091 977 4185 utraque
1008 4070 1214 4156 varietate
1251 4071 1386 4157 modo
1420 4075 1562 4159 rarior
1592 4059 1727 4161 modo
1758 4079 1848 4166 fre·

257 4213 465 4330 quentior
495 4237 574 4317 est,
608 4219 754 4298 ,versus
785 4210 1025 4323 marginem
1057 4213 1321 4330 plerumque
1351 4215 1500 4330 paullo
1533 4215 1725 4325 densior,
1753 4252 1846 4337 quo

258 4352 333 4461 fit,
373 4377 423 4442 ut
457 4352 578 4440 frons
617 4383 670 4440 eo
701 4353 836 4467 magis
860 4351 1014 4438 ciliata
1045 4379 1279 4469 appareat,
1318 4386 1408 4473 quo
1434 4358 1570 4471 magis
1595 4389 1746 4473 margo
1779 4393 1849 4450 re·

257 4497 472 4586 volvatur.
533 4495 619 4580 Pili
645 4497 740 4581 veri
770 4489 963 4615 (teretes)
989 4494 1126 4599 nulli,
1159 4493 1238 4580 sed
1271 4496 1390 4582 utin
1419 4497 1623 4613 pluribus
1654 4497 1849 4592 filicibus

258 4639 410 4756 paleae
437 4633 758 4751 augustissimae
771 4700 785 4742 ,
814 4664 1069 4754 appressae,
1111 4636 1168 4724 ad
1194 4639 1315 4725 basin
1342 4639 1627 4749 subcallosae,
1661 4645 1851 4736 cinctae·

261 4811 347 4899 que
374 4780 628 4868 membrana
656 4779 904 4867 tenuissima
934 4777 1147 4866 albicante
1173 4783 1334 4897 peltata
1360 4788 1478 4872 varie
1510 4785 1665 4872 lacera.

384 4923 641 5010 observatio.
701 4920 866 5008 Differt
894 4944 1090 5006 nostrum
1122 4951 1145 5004 a
1170 4923 1373 5035 plurimis
1403 4923 1658 5041 Polypodiis
1689 4934 1849 5020 sectio·

263 5064 330 5149 nis
359 5064 528 5180 primae
559 5060 961 5154 Willdeuowianae
992 5063 1105 5150 soris
1131 5063 1361 5174 solitariis3
1407 5095 1431 5150 u
1459 5065 1506 5152 P.
1537 5068 1846 5189 heteropbyllo

1365 5231 1449 5304 ill·
