4809 6142
618 581 694 663 846
1135 576 1166 645 l.
1218 574 1687 669 Faaotruaatn,

614 795 773 917 quibus
806 791 920 880 infra
947 788 1233 892 disseremus,
1267 788 1338 875 hic
1370 780 1504 877 mod'o
1533 790 1836 894 monebimus,
1871 792 2084 899 eandem,
2119 797 2210 881 im-

611 971 686 1025 mo
717 938 952 1037 maiorem,
985 932 1039 1018 ab
1067 931 1186 1037 aliis,
1218 932 1362 1048 iisque
1386 962 1477 1017 non
1506 937 1683 1047 paucis,
1716 934 1964 1020 auctoribus
1994 935 2208 1023 traditam

610 1112 698 1167 esse
750 1103 1001 1162 messuram.
1076 1072 1328 1160 Herodotus
1361 1072 1785 1180 Halicarnasseusis,
1835 1073 1983 1160 medio
2033 1079 2206 1161 saeculi

610 1222 756 1340 quinti
782 1223 880 1303 ante
910 1215 1137 1303 Christum
1167 1238 1319 1301 natum
1347 1204 1531 1327 degens,
1570 1213 1647 1299 hac
1675 1214 1729 1303 de
1763 1216 1895 1301 reita
1926 1214 2077 1305 habet:
2122 1220 2203 1303 »ln

609 1363 891 1476 Assyriorum
932 1383 1050 1444 terra
1080 1388 1238 1473 parum
1282 1357 1420 1471 pluit,
1475 1380 1604 1472 atque
1642 1356 1725 1442 hoc
1760 1380 1904 1445 tamen
1941 1383 2027 1463 est,
2074 1360 2201 1476 quod

609 1506 822 1594 frumenti
863 1502 1059 1588 radicem
1095 1501 1184 1587 alit.
1246 1500 1413 1588 Verum
1452 1498 1656 1612 irrigatae
1687 1498 1905 1585 exfluvio
1936 1525 1979 1587 et
2010 1525 2202 1589 mature·

611 1667 738 1731 scunt
767 1641 911 1755 fruges
943 1666 987 1729 et
1015 1671 1195 1760 quoque
1220 1641 1425 1756 provenit
1450 1641 1740 1747 frumentum,
1773 1671 1862 1724 non
1888 1639 2086 1757 quidem,
2117 1652 2202 1728 sie-

535 1814 538 1821 ·
609 1810 660 1875 ut
696 1788 743 1870 in
782 1784 1003 1898 Aegypto,
1049 1782 1231 1868 flumine
1273 1784 1366 1896 ipso
1406 1784 1453 1867 in
1493 1781 1909 1889 ermessendem,
1951 1784 2030 1869 sed
2059 1788 2198 1871 mani·

609 1928 691 2013 hus
719 1936 856 2043 atque
881 1925 1179 2012 tollenonibus
1212 1927 1442 2037 irrigatum
1457 1923 1516 2042 a),
1575 1922 1751 2013 Etenim
1782 1924 2046 2037 babylonica
2076 1930 2197 2039 regio

611 2070 777 2171 omnis,
805 2065 1182 2185 quemadmodum
1207 2067 1484 2181 aegyptiaca,
1517 2063 1699 2151 dissecta
1725 2088 1789 2150 est
1819 2063 2048 2169 infossos,
2089 2095 2194 2181 qua·

611 2242 712 2296 rum
742 2212 930 2295 maxima
960 2210 1141 2319 navibus
1179 2212 1324 2296 traiici
1360 2230 1524 2320 potest,
1560 2202 1623 2292 'ad
1660 2206 1797 2293 solem
1836 2205 2074 2294 hibernum
2103 2237 2197 2293 ver-

612 2380 737 2465 gens3
770 2348 912 2435 tendit
942 2370 1087 2433 autem
1112 2379 1164 2433 ex
1182 2345 1407 2461 Euphrate
1435 2347 1481 2430 in
1509 2344 1695 2431 alterum
1718 2345 1900 2452 flumen,
1933 2339 1979 2449 in
2005 2346 2187 2460 Tigrim,

610 2492 828 2609 adquam
856 2487 962 2575 urbs
990 2479 1128 2577 Ninus
1158 2493 1240 2574 sita
1271 2509 1347 2573 ast.
1407 2486 1525 2573 Haec
1559 2488 1679 2600 regio
1711 2487 1937 2592 omnium,
1980 2517 2088 2604 quas
2115 2518 2189 2573 uos

609 2630 828 2736 vidimus,
860 2631 987 2743 longe
1018 2631 1183 2744 optima
1210 2652 1296 2734 est,
1329 2627 1537 2716 duntaxat
1568 2626 1756 2715 ferendo
1788 2626 2025 2715 frumento.
2083 2626 2190 2716 Nam

611 2774 716 2859 alias
746 2772 923 2859 arbores
959 2770 1105 2874 ferre,
1146 2768 1304 2875 ficum,
1330 2772 1508 2876 ritem,
1549 2769 1715 2872 oleam,
1758 2769 1945 2856 omnino
1979 2800 2034 2856 ue
2066 2798 2192 2855 cona-

609 2936 680 2998 tur
714 2911 920 3029 quidem3
952 2908 1031 2996 sed
1060 2908 1249 2996 Cereris·
1265 2909 1431 2997 fructui
1456 2910 1724 3027 proferendo
1749 2934 1837 2998 tam
1862 2908 2190 3019 commodasse,

607 3079 658 3137 ut
695 3082 910 3170 nusquam
950 3084 1040 3137 non
1081 3051 1138 3137 ad
1178 3051 1350 3140 ducena
1380 3052 1537 3140 reddat
1548 3080 1569 3159 ,¹
1603 3079 1733 3172 atque
1766 3053 1845 3141 uhi
1875 3053 2070 3139 bonitate
2099 3082 2189 3138 sese

610 3198 703 3308 ipsa
739 3196 900 3294 vincit,
944 3198 1075 3279 etiam
1115 3193 1173 3279 ad
1210 3205 1377 3282 tricena
1417 3196 1586 3283 efferat.
1653 3196 1854 3307 Quatuor
1886 3216 2031 3281 autem
2061 3193 2190 3281 facile

609 3336 849 3446 digitorum
880 3334 1067 3419 latitudo
1097 3358 1162 3421 est
1189 3338 1324 3423 tritici
1355 3336 1447 3422 illio
1478 3362 1608 3455 atqua
1640 3336 1797 3425 hordei
1825 3336 1958 3422 soliis.

722 3478 788 3561 Ex
820 3477 944 3560 milio
977 3507 1027 3561 ae
1057 3507 1223 3563 sesamo
1249 3503 1436 3596 quantae
1461 3477 1738 3593 proceritatis
1764 3477 1896 3565 arbor
1921 3500 2083 3595 surgat,
2110 3482 2192 3567 etsi

605 3617 715 3703 milri
744 3641 1045 3730 compertum,
1086 3640 1229 3704 tamen
1260 3648 1505 3706 memorare
1535 3620 1826 3736 supersedeo,
1869 3621 2006 3736 proba
2030 3626 2188 3727 sciens,

646 3965 682 4045 ¹¹¹)
701 3966 768 4027 Hae
790 3985 941 4049 agrorum
962 3964 1167 4048 irrigationes
1187 3966 1316 4029 facilius
1337 3964 1570 4049 intelliguntur
1589 3965 1809 4045 memorando,
1822 3944 1988 4050 'agricolas
2009 3976 2088 4031 tune
2106 3976 2191 4031 tem-

728 4072 817 4156 poris
838 4092 969 4155 magnas
990 4092 1156 4133 serrorum
1177 4072 1286 4135 turbas
1306 4070 1468 4150 hahuisse,
1490 4070 1609 4153 quibua
1631 4070 1766 4134 flumina
1785 4072 1945 4152 derivare,
1966 4094 2064 4157 aquas
2085 4074 2193 4137 dedn-

731 4198 826 4257 eere,
848 4177 949 4241 moles
971 4177 1123 4241 fluctibus
1145 4198 1310 4262 opponere
1331 4187 1527 4261 potuerunt,
1550 4179 1727 4244 seminibus
1746 4200 1844 4265 porro
1865 4180 1899 4243 in
1919 4162 1999 4245 liras
2020 4182 2192 4261 revocatis,

604 4350 607 4353 ,
730 4296 901 4370 operantes
929 4285 1016 4348 inter
1041 4306 1154 4370 porcas
1182 4287 1231 4348 ire
1261 4285 1302 4347 ad
1329 4287 1554 4365 musandum,
1584 4287 1787 4350 sarriendum
1815 4297 1848 4351 et
1875 4288 2060 4372 aquandum
2089 4308 2192 4376 posse.

725 4394 797 4456 Huc
819 4402 985 4476 praeterea
1007 4394 1152 4473 aceedit,
1175 4393 1266 4475 quod
1289 4395 1415 4478 antiqui
1436 4394 1594 4458 machinis
1616 4395 1667 4458 uri
1688 4394 1776 4475 sint,
1799 4395 1918 4479 quibus
1939 4416 2037 4481 aquas
2057 4397 2093 4458 in
2113 4395 2191 4459 alti-

726 4499 875 4561 tudinem
895 4499 1097 4582 redigerent,
1119 4512 1151 4561 et
1170 4498 1291 4562 dehinc
1313 4500 1367 4563 rel
1388 4502 1536 4565 manibus
1556 4502 1610 4565 rel
1631 4500 1853 4565 tollenonibus
1874 4500 2102 4580 (κηλωνηΐοισι)
2122 4510 2191 4566 sata

729 4605 912 4691 irrigarent,
941 4607 1074 4669 Praeter
1095 4605 1157 4673 loc.
1173 4607 1229 4672 eit.
1251 4606 1317 4677 vid,
1338 4607 1434 4671 Diod.
1456 4587 1546 4687 1.,'1.
1573 4605 1663 4691 Virg.
1686 4609 1803 4691 Georg.
1824 4608 1863 4686 I.,
1887 4608 1954 4686 rod.
1981 4608 2131 4670 Arvieurc
2142 4608 2186 4680 1.,

727 4732 756 4792 7.
787 4692 908 4792 Goguet
924 4712 964 4772 de
983 4711 1136 4791 l'orr'gine
1152 4711 1210 4773 des
1227 4712 1356 4787 loix1.,
1378 4734 1407 4776 a.
1427 4736 1474 4779 tr.
1515 4715 1577 4777 Die
1589 4713 1835 4777 Fructtbartcu
1853 4713 1933 4777 oder
1952 4713 2187 4797 Unsruclstlrar-

726 4818 789 4879 leit
804 4818 940 4891 Asiens,
970 4839 1036 4881 von
1061 4816 1095 4884 C.
1109 4820 1250 4881 Meiners
1267 4820 1313 4887 ΙΙ.
1335 4822 1448 4907 p.159.
1487 4821 1749 4906 Descriptionenr
1769 4821 1846 4885 artis
1867 4841 2017 4906 agrorum
2037 4804 2187 4885 aminanss

724 4926 845 4988 tiorum
865 4926 1075 5011 rigandorunr
1098 4928 1256 4991 exhibent
1275 4930 1424 4995 Binoaius
1443 4929 1552 5006 (Reise
1573 4926 1675 4991 durch
1698 4927 1816 4991 Italica
1843 4929 1924 4993 nacla
1944 4926 2112 5012 Aegypton
2127 4940 2185 4992 etc.

723 5052 796 5117 pag.
818 5032 901 5111 105.)
921 5042 954 5098 at
965 5032 1005 5103 P.
1020 5034 1124 5099 Luras
1143 5037 1262 5116 (Britte
1281 5037 1373 5105 rtem
1387 5049 1446 5107 etr.
1472 5036 1561 5104 Tam.
1574 5034 1622 5110 t,
1646 5054 1719 5121 pag.
1734 5034 1816 5117 247.)
