4809 6142
630 605 678 676 aa
702 601 895 700 bibentia,
922 623 1019 678 novo
1041 601 1261 700 graminum
1280 622 1428 699 genere.
1766 608 1839 686 755

241 849 339 906 rum
371 840 414 905 et
445 819 766 909 rarissimarum
795 823 1042 936 specierum
1069 854 1121 908 ex
1148 819 1579 935 Acotyledooearum
1611 815 1743 906 classe
1769 819 1845 906 de-

240 962 315 1048 bet
345 953 664 1074 cognitionem,
699 964 827 1050 huius
859 964 926 1051 illi
954 967 1143 1051 nominis
1174 964 1435 1079 imponendi
1466 961 1700 1051 consilium
1727 941 1863 1078 cepi-⁶

240 1132 349 1188 mus.
415 1101 475 1190 Et
520 1106 659 1190 multo
709 1107 844 1220 magis
892 1107 1022 1192 etiam
1071 1104 1380 1193 confirmatum
1421 1130 1485 1192 est
1522 1105 1604 1190 hoc
1644 1129 1843 1191 nostrum

225 1244 477 1340 ‚consilium
523 1245 870 1356 considerando,
919 1272 962 1334 et
998 1244 1264 1332 Arduennae
1293 1245 1608 1359 vegetabilibus
1639 1245 1844 1362 imperfe-

241 1388 454 1474 ctioribus
484 1419 581 1474 eam
612 1388 730 1475 haud
762 1389 932 1501 vulgari
963 1382 1163 1473 successu
1189 1389 1406 1475 studuisse
1445 1386 1692 1506 horumque
1725 1389 1845 1474 locu·

241 1530 523 1644 pletissimam
555 1511 893 1635 collectionem,
937 1556 1067 1648 atque
1100 1529 1431 1646 complurimis
1462 1531 1586 1616 novis
1616 1529 1844 1644 speciebus

241 1673 564 1786 perinsignern,
618 1671 703 1757 sibi
744 1702 1041 1790 comparasse,
1095 1706 1202 1792 quas
1249 1704 1399 1761 omnes
1437 1697 1487 1759 ut
1525 1672 1697 1789 publici
1734 1675 1843 1758 iuris

239 1843 340 1898 mox
371 1811 529 1919 faciat,
562 1797 690 1902 valde
722 1814 1019 1930 exoptandum
1057 1840 1130 1904 est.

355 1955 488 2042 Haud
509 1957 716 2075 equidem
747 1959 1015 2072 ignoramus,
1049 1969 1135 2046 iam
1163 1961 1239 2046 alii
1266 1959 1415 2074 generi
1437 1990 1461 2045 a
1481 1959 1758 2045 Damortiero
1779 1961 1841 2068 ll),

240 2101 348 2183 Viro
380 2098 478 2203 Cl.,
520 2101 776 2216 impositum
801 2133 891 2188 esse
923 2103 1031 2186 Eius
1063 2132 1238 2187 nomen.
1307 2099 1394 2186 Sed
1425 2099 1557 2184 liceat
1591 2099 1839 2204 observare,

240 2238 599 2326 Hemerocallidis
637 2242 733 2326 illas
769 2249 958 2354 species,
1009 2241 1169 2356 quibus
1203 2240 1251 2322 id
1283 2223 1517 2324 conflatum
1560 2261 1645 2344 est,
1694 2271 1842 2324 caera-

238 2380 376 2478 leam,
418 2379 518 2464 dico
532 2443 546 2485 ,
588 2380 857 2481 Andrewsii,
907 2382 1160 2497 Iaponicam
1191 2376 1492 2468 Wlldenowii
1530 2402 1573 2464 et
1618 2377 1842 2464 cordatum

245 2521 529 2638 Tisanbergii,
571 2521 679 2606 olim
712 2553 735 2606 a
766 2523 834 2609 Cl.
876 2517 1150 2609 Trallianick
1187 2521 1268 2606 sub
1300 2523 1443 2604 Hosto
1482 2551 1667 2632 genere,
1715 2521 1838 2604 act.

242 2661 388 2749 Curtio
415 2663 624 2780 Sprengel
659 2663 738 2749 sub
773 2660 947 2750 Fanlsia
988 2665 1195 2777 repositas
1234 2661 1378 2746 fuisse.
1439 2661 1662 2770 Quoniam
1695 2685 1840 2749 autem
1885 2650 1892 2668 ¹
1961 2671 1965 2677 '

242 2806 358 2890 inter
396 2834 546 2891 omnes
583 2805 815 2891 Botanicos
856 2805 911 2890 de
951 2807 1061 2892 iusta
1107 2806 1264 2892 harum
1302 2808 1550 2921 specierum
1592 2836 1615 2889 a
1655 2807 1839 2922 reliquis

242 2946 516 3060 separatione
570 2945 689 3032 haud
732 2951 961 3054 convenit,
1023 2948 1233 3034 inviolata
1270 2947 1534 3062 prioritatis,
1595 2978 1727 3064 quam
1775 2946 1841 3030 di·

243 3111 374 3194 cunt,
405 3087 530 3200 lege,
564 3119 697 3203 genus
726 3115 922 3176 nostrum
956 3092 1016 3176 ita
1044 3089 1225 3175 salutari
1256 3118 1379 3203 posse
1412 3085 1683 3174 confidemus
1703 3089 1786 3196 ll).

802 3377 839 3460 L
869 3376 889 3460 Ι
919 3376 954 3461 Β
979 3375 1017 3462 Ε
1045 3374 1081 3460 R
1109 3374 1147 3458 T
1178 3374 1198 3458 Ι
1230 3372 1281 3456 Α.

682 3557 995 3624 estanores
1043 3552 1400 3620 usssnrmtts.
1520 3667 1524 3676 Ι

355 3742 467 3828 Axis
495 3707 799 3855 particulatas,
836 3743 1044 3856 panicula
1081 3740 1366 3854 subsimplea,
1407 3757 1576 3825 natans.
1638 3738 1840 3854 Spioniae
1919 3728 1923 3734 ⁵

241 3884 416 3980 avoles,
447 3888 746 3978 acuminatas,
773 3881 973 3996 flosculis
1009 3883 1105 3967 8-
1122 3912 1172 3964 10
1204 3877 1414 3964 distinctis
1443 3879 1569 3963 laxis.
1623 3878 1778 3978 Galia,
1804 3909 1837 3962 s.

241 4025 478 4138 Lepicena,
509 4018 714 4119 bivalais,
751 4019 941 4104 valvulis
969 4018 1102 4106 valde
1135 4019 1438 4140 inaequalibus.
1505 4018 1702 4105 Corollae
1740 4021 1838 4103 oal-

241 4165 348 4249 vala
386 4163 560 4280 iniserior
590 4162 1029 4264 ovato-lanceolata,
1066 4169 1186 4278 apice
1218 4167 1437 4262 trisetosa,
1479 4167 1669 4279 margine
1701 4159 1836 4246 medio

245 4309 440 4423 utrinque
474 4305 670 4391 auricula
706 4307 1043 4392 membranacea.
1109 4305 1160 4395 V
1153 4301 1305 4391 aloala
1340 4308 1529 4419 superior
1566 4320 1727 4401 wate,
1770 4305 1837 4386 ob-

226 4613 229 4618 .
285 4645 550 4726 ⁶)Duuosrrra,
578 4645 830 4711 Observationes
851 4647 1030 4720 botanicae.
1073 4651 1360 4737 Tourney,1823.
1394 4653 1444 4720 8⁰.

264 4775 310 4857 ”)
337 4777 435 4858 Quod
456 4798 561 4861 nuper
580 4777 804 4864 Sprengelius,
837 4780 907 4844 Vir.
928 4781 1001 4862 CL,
1031 4783 1175 4868 volgavit
1205 4784 1299 4868 (Syst.
1327 4787 1409 4869 Veg.
1430 4785 1458 4851 1.
1489 4806 1521 4868 p.
1538 4779 1616 4862 168.)
1646 4780 1761 4844 eodem
1782 4801 1839 4842 uo·

245 4913 249 4922 ·
367 4883 456 4946 ruine
478 4904 579 4967 genus
601 4885 758 4964 alterum,
788 4884 952 4967 dolemus,
982 4909 1056 4950 cum
1084 4890 1128 4952 sit
1147 4888 1326 4968 eiusmodi,
1354 4899 1391 4952 ut
1412 4888 1466 4952 vel
1487 4889 1514 4952 si
1535 4888 1624 4951 omni
1645 4885 1838 4970 exceptione

367 4999 431 5053 stet
459 4993 627 5076 superios,
659 4993 873 5058 nibilominus
899 5003 1006 5060 tamen
1034 4995 1250 5062 reiicieudum
1277 4995 1320 5061 sit
1347 4996 1389 5058 ob
1420 4989 1547 5079 malae,
1576 5017 1673 5080 quam
1698 4994 1865 5092 retlolel,¹

370 5097 504 5182 originis
526 5107 645 5162 uotam.

1384 5216 1438 5310 96
