4809 6142
574 597 646 675 756
923 667 936 688 ,
1068 529 1704 687 alcumena-ua,

583 835 705 914 tusa,
739 813 993 927 pectinatim
1034 811 1196 898 ciliata.
1256 809 1493 898 Ladiculae
1528 812 2031 932 apatheiam-oblongae.
2083 819 2194 906 -Ga-

581 960 744 1072 ryapsis
771 954 971 1086 oblpnga,
996 953 1214 1072 prefimde
1246 956 1428 1042 sulcata.

1114 1204 1645 1295 CALOTHECA.

886 1375 1834 1461 'cuaeacrea‘auauuarue

1024 1537 1085 1607 Ex
1109 1527 1216 1606 icone
1240 1546 1278 1608 et
1302 1536 1548 1630 descriptione
1571 1535 1734 1610 Belvieii.

693 1733 805 1828 Axis
839 1705 1142 1846 paniculatus5
1193 1731 1402 1848 panicula
1442 1731 1742 1847 subsimplex,
1786 1731 1907 1817 laxa.
1978 1734 2186 1849 Spioniae

579 1873 919 1994 subquadratae,
966 1875 1171 1981 obtusae,
1210 1875 1409 1994 flosculis
1443 1877 1541 1958 6—
1558 1906 1607 1958 10
1653 1877 1886 1959 arctissime
1931 1878 2179 1962 imbricatis.

581 2017 711 2101 Calix
750 2048 781 2101 s.
828 2018 1041 2131 Lepicena
1080 2017 1294 2121 bivalvis,
1335 2013 1529 2099 valvulis
1572 2013 1905 2132 subaequalibus.
1982 2015 2184 2101 Carallae

579 2158 764 2242 vulvula
798 2159 971 2276 inferior
1012 2159 1132 2259 lata,
1182 2164 1303 2273 apice
1343 2165 1506 2274 integra
1554 2175 1841 2255 mucronata,
1891 2157 2076 2241 vulvula
2109 2188 2182 2241 su-

574 2306 717 2414 perior
760 2301 894 2386 mrclto
943 2307 1112 2386 brevior
1149 2319 1191 2385 et
1241 2305 1483 2417 angustior,
1528 2301 1648 2410 apice
1683 2296 1916 2412 appendice
1951 2301 2071 2383 brevi
2103 2303 2181 2382 ab·

579 2459 674 2526 tusa
700 2447 935 2547 instructa,
966 2441 1086 2526 haud
1108 2439 1269 2527 ciliata.
1319 2438 1553 2526 lodiculae
1579 2458 1763 2540 ovatae,
1804 2443 1990 2526 obtusae.
2044 2438 2181 2552 Cary-

577 2589 687 2698 apsis
725 2591 968 2684 corticata,
1019 2605 1153 2670 ovata
1182 2583 1242 2702 ³¹¹).

691 2727 858 2812 Differt
887 2731 1064 2841 insuper
1094 2729 1295 2812 Libertia.

701 2865 774 2984 1⁰)
804 2901 832 2952 a
863 2869 1142 2980 Chascolytra
1173 2870 1248 2979 (R.
1280 2893 1323 2955 et
1353 2867 1457 2977 S.)‚
1492 2868 1565 2953 cui
1592 2900 1644 2954 ex
1675 2870 1800 2953 icone
1831 2865 1922 2954 Pal.
1950 2866 2005 2954 de
2035 2866 2173 2954 Beau·

575 3014 668 3096 vois
707 3017 865 3122 magis,
918 3045 1051 3130 quam
1086 3013 1376 3119 Calathecee,
1429 3007 1574 3095 affinis
1605 3041 1694 3097 esse
1734 3009 1943 3115 videtur,
1992 3010 2170 3124 spiculis

577 3153 746 3260 densis,
773 3158 954 3261 calice,
998 3158 1189 3241 corollae
1230 3157 1404 3242 vulvula
1444 3151 1648 3236 inferiori
1691 3153 1812 3264 apice
1852 3148 2047 3235 trisetosa
2088 3179 2168 3236 nec

577 3295 777 3400 dentata,
811 3297 1039 3401 lodiculis‚
1072 3301 1254 3403 semine,
1294 3277 1486 3412 denique
1509 3319 1605 3380 toto
1640 3293 1794 3380 habitu
1824 3317 1868 3379 et
1901 3295 2054 3407 patria.

693 3443 771 3546 2⁰)
811 3470 839 3522 a
882 3438 1111 3524 Trichaeta
1150 3439 1240 3523 Pal.
1287 3440 1341 3524 de
1385 3438 1573 3542 Beauv„
1629 3439 1806 3550 spiculis
1843 3436 2168 3542 8·10·floris,
2259 3431 2264 3439 ’

512 3643 524 3650 -
573 3579 832 3692 paniculatis
868 3611 948 3664 nec
988 3580 1341 3694 spiciformibus‚
1387 3583 1535 3665 calicis
1570 3579 1754 3665 valvulis
1785 3581 1983 3684 muticis,
2029 3581 2173 3666 corol-

574 3719 641 3802 lae
691 3718 862 3804 valvula
906 3723 1132 3835 superiore
1179 3730 1348 3833 integra
1388 3755 1470 3809 nec
1506 3718 1910 3828 'bifido-dentata,
1958 3722 2166 3808 inferiore

575 3869 697 3976 apice
732 3891 813 3948 nec
847 3864 928 3948 sub
968 3867 1089 3979 apice
1122 3869 1490 3953 setoso-aristam.

691 4003 769 4115 3⁰)
811 4034 839 4088 a
877 4006 1059 4106 Brome,
1100 4008 1171 4092 cui
1209 4009 1361 4094 habitu
1394 4012 1594 4125 proxima
1638 4033 1725 4115 est,
1769 4031 1815 4093 et
1855 4009 1915 4093 ita
1951 4007 2164 4125 quidem,

574 4165 621 4228 ut
657 4147 802 4257 primo
841 4172 1015 4262 aspectu
1048 4148 1234 4233 Bromus
1273 4158 1487 4238 trisetocns
1524 4154 1673 4238 vocari
1704 4155 1871 4267 posset,
1909 4150 2167 4264 praesertim

572 4287 763 4372 corollae
808 4291 982 4376 valvula
1029 4291 1233 4376 inferiori
1270 4297 1391 4408 apice
1437 4298 1633 4382 trisetosa
1672 4327 1753 4381 nec
1792 4293 1873 4378 sub
1917 4296 2038 4408 apice
2083 4295 2167 4378 eri·

569 4436 716 4537 stata,'
747 4433 943 4544 margine
975 4435 1254 4519 auriculatim
1284 4436 1430 4522 lobata
1465 4469 1546 4522 nec
1578 4442 1769 4551 integra,
1807 4436 2105 4550 distinguitur.

687 4572 887 4659 Medium
917 4583 1064 4694 itaque
1101 4607 1259 4687 genus,
1302 4579 1373 4663 hic
1409 4578 1711 4694 propositum,
1755 4599 1872 4663 tenet
1901 4578 2050 4663 locum
2085 4572 2165 4658 Ca·

571 4710 782 4801 letbecam
809 4717 924 4802 inter
958 4741 1003 4802 et
1020 4718 1238 4819 Bromum,
1270 4719 1598 4832 Chascolytrum
1627 4745 1669 4807 et
1696 4719 1982 4804 Tricliaetam.
2023 4716 2162 4802 Cuius

447 4915 451 4922 -
568 4854 750 4974 quidem
777 4860 869 4945 sola
885 4922 899 4967 ‚
933 4891 1067 4979 quam
1098 4865 1407 4978 cognovimus,
1434 4864 1624 4981 species,
1654 4858 1916 4978 appellanda
1946 4882 2009 4947 est
2034 4856 2161 4945 nobie

565 5034 920 5062 m*-

608 5129 638 5206 1’)
658 5125 866 5214 Spineticum
887 5135 1031 5219 (semen)
1054 5135 1174 5202 dicitur
1192 5136 1229 5200 in
1250 5139 1336 5202 Dict.
1360 5137 1458 5201 Ciues.
1479 5143 1538 5204 ert.
1561 5131 1739 5201 Caiatiam.
1762 5156 1764 5159 ·
