4809 6142
799 563 958 633 Plantae
983 530 1277 636 Surinomertrer:
1510 671 1514 681 Ι
1770 584 1841 659 799

258 758 621 857 ῑίσΙαῑίετείΙοιίε
647 777 1041 893 'quinquenarviis,
1079 774 1261 861 floribus
1300 772 1507 860 solitariis
1538 772 1839 863 terminalibus

259 934 303 996 et
332 908 546 1014 alaribus,
580 915 754 1034 capsula
781 916 920 1035 libera
950 926 1213 1032 pentacocca
1238 915 1579 1031 apicefbarbata.
1817 928 1821 937 '

314 1050 367 1135 R.
398 1050 685 1164 hypericor'des
713 1055 872 1141 Wiild.
905 1087 967 1171 sp.
996 1058 1058 1171 pl.
1080 1059 1131 1142 11.
1163 1086 1258 1171 pag.
1282 1056 1381 1143 303.
1441 1086 1445 1093 ’

315 1190 576 1277 Melastoma
601 1193 756 1278 villosa
786 1196 916 1281 Aubl.
943 1199 1086 1309 guian.
1104 1198 1138 1282 Ι.
1170 1227 1264 1310 pag.
1287 1197 1387 1299 428.
1419 1196 1503 1282 tab.
1537 1199 1627 1285 168.

315 1333 543 1418 Meriones
582 1338 747 1448 species
784 1337 966 1423 Venten.
1011 1338 1056 1421 in
1092 1338 1225 1423 Mem.
1266 1337 1320 1423 de
1353 1336 1495 1421 l'iust.
1537 1362 1623 1423 nat.
1655 1368 1714 1425 sc.
1747 1368 1838 1427 ma·

271 1464 290 1571 ‚⁸
374 1450 382 1465 ⁶
434 1475 564 1561 them.
595 1501 638 1563 et
668 1479 788 1593 phys.
817 1480 938 1593 1807.
972 1508 1066 1591 pag.
1098 1510 1159 1563 rr.

375 1616 525 1703 Cauiis
569 1645 762 1728 erectus,
810 1621 1014 1726 villosus,
1059 1620 1160 1733 pilis
1200 1602 1340 1731 longis
1392 1618 1534 1705 densis
1572 1622 1836 1735 patentibus,

184 1861 190 1871 Ι
256 1756 350 1843 basi
379 1760 583 1846 violaceis
622 1764 743 1876 apice
784 1764 982 1848 incenis
1025 1761 1151 1845 Folia
1191 1758 1376 1864 reflexa,
1424 1760 1632 1875 pollicem
1663 1764 1839 1848 circiter

257 1897 385 2009 longa
415 1896 530 2017 (non
556 1923 719 2013 septem
740 1898 862 2015 sed)
891 1902 1258 2018 quinquenervia,
1291 1932 1391 1987 cum
1421 1904 1564 1990 nervis
1591 1904 1840 1987 accessoriis

258 2041 571 2150 marginalibus
602 2038 788 2125 dimidio
819 2040 928 2126 lolio
959 2041 1238 2128 brevioribus
1268 2066 1311 2128 et
1339 2070 1464 2153 saepe
1495 2041 1727 2147 obsoletis,
1766 2073 1840 2129 re·

257 2181 356 2264 stita
387 2179 488 2289 pilis
526 2181 737 2291 appressis
775 2179 982 2263 brevibus
1028 2182 1176 2291 paullo
1222 2181 1504 2292 rigidioribus
1545 2210 1594 2265 ac
1635 2182 1837 2286 caulinis,

256 2319 300 2399 in
343 2316 504 2400 lamina
541 2318 770 2431 superiore
801 2316 947 2419 ilaris,
993 2316 1036 2399 in
1067 2318 1277 2405 inferiore
1309 2351 1361 2405 ex
1392 2319 1491 2405 albo
1523 2319 1836 2407 flavicantibus.

254 2457 413 2542 Petioli
442 2459 549 2544 villo
582 2459 757 2543 caulino
788 2458 1038 2559 breviores,
1072 2458 1189 2543 unde
1217 2458 1323 2544 folia
1353 2462 1497 2571 primo
1529 2461 1691 2546 intuitu
1720 2463 1840 2546 sessi-

256 2598 315 2683 lia
342 2595 559 2682 videntur.
621 2596 772 2680 Floras
805 2595 1019 2699 solitarii,
1062 2590 1197 2681 alares
1229 2622 1272 2683 et
1302 2599 1549 2685 terminales
1580 2602 1625 2683 in
1658 2601 1838 2685 ramulis

256 2735 610 2849 subpaniculatis.
681 2736 807 2821 Folia
847 2736 1017 2820 floralia
1048 2738 1233 2853 reliquis
1261 2741 1459 2843 minora,
1501 2763 1695 2825 ceterum
1722 2742 1840 2826 simi·

74 2867 105 2959 '.
212 2876 330 2963 xlia.
390 2876 528 2987 Calyx
567 2876 981 2981 ovato-tubulosus,
1023 2880 1441 2995 quinquangulum,
1493 2878 1842 2987 decemstriatus,

258 3014 477 3130 profunde
514 3016 941 3134 quinquedentatus,
991 3014 1192 3104 dentibus
1235 3015 1590 3131 persistentibus,
1637 3020 1834 3123 villosus,

261 3180 450 3273 quatuor
477 3158 610 3242 lineas
640 3157 807 3269 longus.
865 3159 1013 3244 Petala
1043 3187 1131 3240 non
1162 3155 1273 3240 vidi'
1328 3156 1521 3241 Stamina
1552 3154 1724 3261 decern,
1757 3186 1837 3241 an-

257 3298 390 3383 tberis
434 3297 527 3382 basi
580 3321 824 3382 antrorsum
870 3297 1125 3384 bicornibus
1170 3296 1494 3411 inaequalibus,
1553 3299 1836 3382 commissura

257 3440 480 3526 thecarum
511 3441 558 3523 in
587 3439 844 3523 staminibus
874 3437 1037 3542 tribus,
1077 3440 1123 3521 ni
1154 3437 1285 3521 salsus
1314 3466 1433 3540 sum,
1466 3435 1662 3523 eiusdem
1689 3440 1836 3524 lateris

257 3578 481 3690 elongata,
520 3583 565 3661 in
597 3579 780 3694 reliquis
813 3574 923 3662 adeo
955 3578 1233 3678 abbreviata,
1276 3599 1325 3658 ut
1355 3603 1519 3659 cornua
1547 3606 1660 3689 pone
1693 3576 1837 3663 thecas

256 3740 501 3830 appareant.
565 3718 732 3827 Stylum
773 3748 862 3801 non
904 3716 1010 3802 vidi.
1071 3717 1260 3829 Capsula
1291 3717 1404 3798 intra
1445 3715 1637 3825 calycem
1677 3715 1835 3823 libera,

257 3858 674 3971 quinquangularis,
716 3871 1004 3966 pentacocca,
1051 3856 1252 3967 carpellis
1300 3855 1420 3965 apice
1455 3853 1648 3938 barbatis
1686 3858 1838 3942 conni-

178 4006 182 4013 '
254 3993 482 4096 rentibus,
514 3990 685 4077 foveam
714 3992 980 4104 profundam
1013 3993 1408 4109 quinquerimatam
1439 4014 1536 4106 post
1566 3994 1727 4104 stylum·
1759 3995 1836 4082 de·

257 4134 417 4218 iectum
457 4131 843 4237 constituentibus,
890 4134 1009 4246 apice
1053 4129 1377 4219 dehiscentibus
1411 4158 1490 4243 per
1519 4152 1714 4215 suturam
1743 4132 1838 4218 lon·

256 4274 552 4386 gitudinalem.
615 4275 841 4360 Placentae
881 4304 1071 4377 crassae,
1112 4269 1263 4385 paullo
1297 4266 1412 4352 inira
1450 4267 1646 4353 medium
1677 4270 1835 4382 angulo

261 4414 655 4500 loculamentorum
686 4416 860 4499 interno
886 4411 1065 4516 affixae,
1097 4412 1194 4497 basi·
1220 4434 1263 4512 et
1292 4411 1415 4523 apice
1446 4410 1636 4515 solutae,
1668 4411 1715 4495 in
1744 4441 1837 4498 me„

258 4552 332 4638 dia
360 4552 652 4644 loculamenta
680 4574 934 4667 protensae,
976 4555 1115 4639 antice
1147 4550 1434 4638 seminiserae.

377 4694 638 4778 Observatio.
697 4694 895 4779 Similem
916 4717 1178 4781 structuram
1202 4692 1348 4808 reperi
1370 4693 1416 4778 in
1441 4691 1584 4805 specie
1605 4714 1829 4809 sequente,

258 4832 448 4920 eundem
479 4834 675 4918 habitum
703 4834 893 4922 ferente.

374 4974 588 5061 *Rbexia
615 4974 853 5090 glomerato
882 4977 1023 5064 Rottb.
