4809 6142
569 576 645 652 302
1042 509 1044 512 Ι
1185 564 1232 639 E.
1283 562 1556 655 Manna,

571 785 682 870 hanc
703 783 882 898 stirpem
902 781 1015 865 forte
1037 779 1249 865 lussiaeae
1274 780 1466 891 speciem
1496 809 1583 864 esse
1607 776 1928 889 pronunciavit,
1965 810 2161 895 quacum

572 925 738 1009 nullam
763 954 909 1008 veram
942 919 1071 1006 habet
1101 918 1371 1005 affinitatem.
1431 920 1519 1003 Nec
1551 917 1608 1001 ad
1638 919 1875 1028 Myrsineas
1906 921 1983 1003 sed
2007 924 2160 1005 certis-

569 1064 678 1148 sime
712 1060 767 1146 ad
802 1062 1057 1147 Salicarleas
1087 1061 1298 1173 pertinet,
1339 1083 1387 1143 ut
1423 1061 1509 1143 iam
1550 1090 1601 1144 ex
1629 1058 1815 1143 Linnaei
1857 1060 2155 1172 descriptione

568 1204 806 1317 suspicatus
843 1226 906 1287 est
945 1201 1313 1314 ingeniosissimus
1353 1200 1544 1302 lussieu,
1596 1202 1793 1317 quamvis
1835 1202 1948 1286 inter
1992 1202 2159 1315 Myrti-

569 1374 671 1434 neas
712 1347 845 1456 getius
881 1343 1165 1427 enumeravit.
1234 1341 1436 1425 Proxima
1478 1338 1662 1427 affinitas
1699 1373 1788 1427 esse
1831 1341 2003 1428 videtur
2048 1374 2155 1427 cum

561 1484 755 1572 ¹Ginoria
772 1484 893 1598 Jacq.
920 1512 1051 1567 amer.
1083 1512 1177 1596 pag.
1202 1482 1295 1583 148.
1328 1482 1413 1565 tab.
1434 1511 1527 1593 91.‚
1561 1512 1750 1599 quacum
1770 1486 1987 1586 convenit,
2016 1514 2154 1600 quan-

531 1735 534 1741 ι
570 1651 662 1710 111111
694 1654 746 1708 ex
777 1626 902 1708 icone
929 1646 974 1707 et
1005 1622 1297 1735 descriptione
1318 1645 1450 1735 patet,
1486 1645 1577 1707 tum
1605 1646 1694 1709 toto
1717 1621 1884 1724 habitu,
1908 1647 2000 1707 tum
2024 1654 2154 1735 prae·
2213 1653 2216 1657 ·

568 1767 718 1852 sertim
749 1764 1093 1867 infloreseentia,
1126 1782 1217 1849 tum
1248 1764 1367 1848 floris
1398 1764 1653 1879 fructusque
1685 1788 1928 1870 structura,
1960 1766 2148 1877 exceptis

569 1930 613 1991 et
645 1906 834 2020 partium
876 1934 1061 1988 numero
1092 1906 1138 1989 in
1169 1904 1356 1989 Ginoria
1386 1906 1584 2007 senario,
1623 1928 1666 1989 et
1696 1905 1974 1992 antherarum
2004 1903 2153 2013 forma,

570 2049 615 2129 in
648 2044 800 2132 eadem
832 2045 1074 2131 reniformi.
1189 2144 1196 2155 ,
1824 2036 1827 2042 ’

1145 2290 1214 2401 37.
1283 2288 1571 2375 Rosscm:

687 2460 755 2547 88.
785 2460 901 2545 Rosa
929 2465 1231 2576 sempervirerts
1261 2462 1384 2549 Cart.
1418 2492 1574 2575 magau.
1611 2463 1695 2551 tab.
1725 2468 1821 2569 184.

1042 2728 1109 2813 38.
1184 2712 1672 2815 01111161111111111.

688 2902 757 3013 89.
800 2898 1141 3010 Chrysobalanus
1176 2900 1305 2986 leaeo
1349 2902 1477 2988 Lino.
1518 2934 1579 3018 sp.
1627 2906 1687 3018 pl.
1733 2936 1830 3022 pag.
1858 2908 1956 2993 681.
2025 2907 2148 3025 Jacq.

569 3068 702 3125 amer.
732 3069 827 3155 pag.
859 3039 952 3141 154.
984 3040 1068 3123 tab.
1090 3042 1160 3151 94.
1575 3141 1586 3157 ·

568 3266 570 3270 ,
683 3211 754 3293 90.
795 3180 985 3263 Himella
1026 3181 1282 3292 particulata
1331 3182 1502 3269 Swartz.
1551 3182 1702 3296 prodr.
1753 3214 1846 3297 pag.
1881 3185 1948 3269 51.
2018 3186 2143 3271 vahl.

567 3321 782 3433 symb.11.
814 3350 908 3433 pag.
927 3321 997 3422 43.
1029 3321 1114 3404 tab.
1137 3323 1206 3405 31.
1266 3322 1428 3433 Meyer.
1465 3324 1688 3439 essequeb.
1721 3355 1813 3437 pag.
1843 3357 1934 3409 122.
1963 3374 2024 3390 ¹-
2084 3328 2142 3408 H.

567 3460 729 3544 hirsuta
758 3458 880 3543 Lam.
913 3459 1068 3542 illustr.
1097 3490 1189 3568 gen.
1223 3461 1439 3575 111.1754.
1501 3463 1663 3546 Schult.
1695 3489 1793 3575 syst.
1817 3490 1952 3580 reget.
1974 3466 2025 3551 V.
2049 3466 2142 3579 pa'g.

570 3626 667 3707 272·
688 3643 748 3659 --
807 3596 866 3677 Η.
896 3614 1127 3709 aggregata
1154 3596 1271 3681 Poir.
1296 3604 1461 3711 encycl.
1491 3603 1630 3714 suppl.
1653 3603 1726 3685 Ill.
1760 3635 1854 3716 pag.
1879 3605 1946 3691 53.

683 3736 733 3819 In
765 3765 863 3819 meo
893 3709 1129 3850 specimine
1157 3740 1318 3823 racemi
1347 3740 1392 3823 in
1422 3742 1551 3825 ramis
1578 3746 1842 3848 terminales,
1877 3753 2056 3831 omnino
2081 3776 2145 3830 so·

569 3873 727 3975 litarii,
768 3876 933 3979 stricti,
976 3873 1228 3981 densillori,
1268 3880 1464 3985 anillares
1496 3882 1621 3967 nulli.
1680 3884 1835 3969 Rachia
1848 3947 1862 3988 ,
1906 3887 2145 3999 pedunculi

568 4038 613 4101 et
646 4018 834 4099 exterior
878 4018 1037 4128 calycis
1087 4017 1219 4104 facies
1255 4048 1393 4137 aeque
1436 4054 1484 4107 ac
1514 4006 1969 4143 -ramisoliorumqae
2011 4058 2142 4111 venae

567 4155 868 4270 marginesque
911 4156 1026 4240 hirti.
1103 4158 1241 4269 Calyx
1289 4162 1508 4274 profunde
1555 4162 1894 4281 quinquelidus,
1941 4168 2018 4253 sed
2057 4199 2145 4251 non
2181 4188 2200 4219 ·

567 4304 775 4407 partitus,
813 4294 1063 4407 peduncula
1104 4298 1283 4408 oblique
1328 4296 1506 4403 affixus,
1555 4305 1831 4391 aestivatione
1863 4308 1990 4391 solito
2020 4336 2141 4390 more

568 4432 823 4544 imbricata,
857 4435 886 4513 i.
909 4464 945 4517 e.
977 4434 1146 4545 laciniis
1179 4437 1347 4523 duabus
1374 4443 1580 4555 oppositis
1607 4446 1803 4550 extimis,
1847 4446 2015 4532 duabus
2045 4450 2144 4531 inti-

568 4572 676 4675 mis,
722 4574 875 4687 quinta
907 4574 1131 4659 interiecta
1163 4577 1264 4661 hinc
1303 4603 1412 4667 tecta
1443 4582 1544 4668 hinc
1575 4608 1766 4697 tegente,
1808 4588 2142 4673 omnibus'dein

570 4708 767 4814 reflexis,
799 4713 914 4802 intus
941 4717 1578 4831 tomentum-pubescentibus.
1640 4729 1858 4833 Stamina,
1901 4754 1949 4815 ut
1977 4733 2022 4815 in
2047 4760 2142 4844 spe·

572 4850 731 4934 cimine
757 4881 836 4936 suo
861 4852 1209 4970 Essequeboeusi
1237 4860 1482 4949 observavit
1508 4864 1559 4948 cl.
1595 4867 1647 4954 G.
1669 4868 1718 4951 F.
1741 4867 1816 4953 W.
1841 4870 2006 4981 Meyer,
2040 4898 2141 4953 con·

571 5009 731 5073 stanter
756 5018 853 5093 sex,
887 4999 1023 5107 eaque
1050 4993 1333 5105 glaberrima,
1366 5004 1586 5115 perigyua.
