4809 6142
535 570 583 639 cie
607 566 776 642 ubertate
792 566 984 662 frumenti
1008 564 1240 661 temporibus
1265 568 1544 662 antiquissimis.
1765 580 1839 655 857
1906 640 1911 647 ,
2012 608 2015 615 ·

244 787 451 911 ueniunt,
484 808 621 873 terras
648 816 746 873 suas
774 786 863 873 sint
892 783 1061 889 moliti,
1093 782 1174 870 sed
1205 808 1251 870 et
1278 786 1443 872 semine
1475 787 1660 893 rariori,
1702 819 1834 905 quam

243 958 322 1017 uos
361 928 457 1033 usi,
499 951 542 1017 et
576 928 658 1015 hoc
697 958 846 1017 semen
877 930 1172 1043 optimumst
1200 925 1384 1044 quidem
1415 926 1615 1014 manibus
1647 929 1836 1017 electum

241 1073 579 1173 maceraverim,
613 1091 662 1155 ut
690 1067 746 1154 ab
778 1068 1039 1158 animalibus
1069 1067 1364 1155 subterraneis
1395 1071 1538 1155 minus
1569 1069 1833 1164 laederetur.

242 1210 362 1308 Inter
390 1213 540 1327 plures
569 1211 636 1298 rei
667 1214 855 1299 rusticae
886 1213 1122 1328 scriptores
1153 1209 1450 1297 Columellam
1480 1211 1560 1299 hac
1593 1211 1647 1300 de
1685 1244 1731 1301 re
1769 1214 1834 1299 lo·
1879 1260 1883 1267 ·

243 1376 452 1471 quentcm
489 1350 740 1439 audiamus:
790 1352 1056 1465 »Quaedam
1087 1354 1220 1440 etiam
1250 1354 1557 1443 subterraneae
1588 1379 1728 1471 pestes
1760 1357 1834 1443 ad·

241 1497 353 1584 ultas
382 1519 546 1609 segetes
576 1494 800 1584 radicibus
830 1495 1040 1585 subsectis
1066 1520 1266 1583 enecant.
1323 1495 1376 1582 Id
1404 1528 1458 1583 ne
1492 1494 1592 1602 fiat,
1633 1499 1833 1585 remedio

241 1663 306 1727 est
347 1622 484 1758 aquae
519 1640 673 1726 mistus
710 1670 864 1727 succus
907 1638 1097 1747 herbae,
1145 1668 1280 1756 quam
1318 1640 1471 1725 rustici
1500 1637 1656 1726 sedum
1686 1641 1835 1755 appel·

240 1782 350 1871 lant:
381 1810 484 1867 nam
514 1782 598 1872 boc
628 1781 922 1869 medicamine
954 1811 1041 1866 nna
1071 1806 1199 1867 nocte
1231 1782 1398 1868 semina
1431 1806 1646 1871 macerata
1672 1784 1837 1868 iaciun-

240 1950 325 2011 tur.
388 1924 586 2037 Quidam
618 1927 816 2015 cucumis
845 1921 1278 2041 anguinei'radicem
1309 1923 1487 2010 diluunt
1516 1954 1646 2041 aqua,
1667 1923 1836 2009 simili·
2038 1965 2046 1985 .

240 2098 328 2184 que
360 2069 530 2153 ratione
556 2067 801 2154 madefacta
825 2066 994 2159 semina
1019 2088 1160 2153 terrae
1186 2066 1417 2181 mandant,
1457 2067 1548 2154 Alii
1573 2066 1653 2151 bac
1679 2066 1834 2153 eadem

240 2239 356 2323 aqua
386 2209 457 2295 vel
488 2237 667 2295 amurca
695 2209 884 2311 insulsa,
924 2238 1025 2293 cum
1060 2206 1208 2320 coepit
1243 2206 1439 2295 infestari
1470 2236 1613 2319 seges,
1653 2206 1834 2328 perfun-

241 2348 352 2434 dunt
398 2347 568 2465 sulcos,
623 2370 668 2433 et
712 2348 771 2431 ita
804 2346 934 2433 noxia
969 2345 1177 2432 animalia
1215 2346 1487 2434 submovent.
1560 2348 1680 2434 Illud
1712 2348 1834 2433 dein-

241 2519 340 2602 ceps
372 2485 738 2603 praecipiendum
768 2486 937 2589 habeo,
970 2509 1021 2571 ut
1050 2486 1257 2573 demessis
1287 2488 1505 2599 segetibus
1534 2490 1622 2573 iam
1654 2492 1701 2574 in
1733 2520 1834 2575 area

238 2630 391 2723 futuro
422 2627 582 2711 semini
611 2623 900 2711 consulamus.
987 2624 1099 2711 Nam
1140 2625 1265 2743 quod
1310 2630 1372 2713 ait
1410 2626 1582 2715 Celsus:
1631 2628 1709 2713 ubi
1745 2660 1832 2717 me·

241 2769 418 2869 diocris„
436 2791 502 2855 est
531 2766 727 2871 fructus,
775 2766 987 2881 optimam
1014 2798 1237 2885 quamque
1267 2770 1430 2883 spicam
1462 2769 1606 2881 legere
1638 2793 1830 2885 oportet,

239 2913 563 3031 separatimque
590 2932 644 2997 ex
674 2938 898 2996 sesemen
929 2939 1161 3023 reponere,
1195 2938 1296 2995 cum
1322 2939 1470 2995 rursus
1502 2910 1691 3025 amplior
1721 2942 1832 2997 mes-

239 3060 297 3143 sis
337 3058 618 3173 provenerit,
666 3052 893 3171 quidquid
933 3076 1177 3157 exteretur,
1229 3054 1460 3169 capisterio
1500 3053 1831 3168 expurgandum

239 3203 352 3305 erit,
384 3224 429 3287 et
451 3229 624 3313 semper
650 3195 772 3313 quod
803 3218 985 3309 propter
1016 3195 1365 3307 magnitudinem
1396 3224 1445 3280 ac
1475 3194 1648 3311 pondus
1672 3198 1830 3283 inimo
2000 3208 2005 3215 ’

239 3341 513 3449 subsederit,
555 3339 613 3426 ad
656 3368 806 3427 semen
843 3336 1170 3424 reservandum.
1235 3337 1346 3427 Nam
1381 3339 1429 3425 id
1459 3337 1700 3452 plurimum
1731 3371 1832 3456 pro·

177 3527 184 3538 ·
240 3485 362 3592 dest,
410 3491 517 3602 quia
551 3482 751 3601 quamvis
789 3482 974 3569 celerius
1006 3480 1114 3565 loeis
1143 3479 1363 3585 humidis,
1410 3503 1555 3567 tamen
1587 3482 1717 3567 etiam
1746 3486 1830 3567 sic·
1884 3518 1888 3527 ·

238 3629 301 3719 cis
340 3624 563 3715 frumenta
600 3623 889 3736 degenerant,
928 3621 1014 3705 nisi
1052 3651 1158 3709 cura
1199 3621 1296 3711 talis
1337 3620 1609 3709 adhibeatur.
1674 3621 1830 3744 Neque

237 3770 358 3855 euim
389 3765 578 3851 dubium
604 3784 684 3861 est,
717 3790 771 3843 ex
801 3759 980 3849 robusto
1010 3764 1175 3847 semine
1201 3789 1325 3873 posse
1356 3758 1454 3846 fieri
1476 3792 1565 3845 non
1587 3762 1829 3879 robustum.
1889 3777 1891 3783 ’

239 3906 377 4019 Quod
401 3935 508 3990 vcro
538 3900 740 4017 protinus
766 3900 879 3985 exile
911 3923 1060 3986 natum
1090 3900 1172 4005 sit,
1206 3928 1433 4017 nunqnam
1461 3901 1598 3988 robur
1629 3904 1827 4019 accipere

238 4046 520 4137 manifestum
557 4067 631 4131 est.
705 4040 901 4161 ideoque
937 4040 1148 4155 Virgilius
1180 4072 1284 4127 cum
1313 4065 1357 4129 ct
1393 4044 1503 4153 alia,
1543 4070 1637 4133 tum
1669 4068 1713 4134 et
1745 4045 1827 4132 hoc

239 4190 296 4279 de
329 4188 568 4277 seminibus
598 4183 823 4303 praeclare
853 4186 917 4273 sic
949 4184 1172 4279 disseruit:
1290 4244 1294 4251 ·

447 4356 563 4436 ”Vidi
587 4380 657 4459 ego
680 4356 778 4431 lecta
803 4352 874 4429 diu
898 4372 939 4430 et
961 4356 1087 4432 multo
1111 4373 1278 4461 spectata
1302 4358 1451 4450 labore,

310 4544 314 4549 ,
435 4484 678 4586 Degenerare
715 4498 862 4570 tamen,
907 4480 950 4555 ni
982 4479 1038 4555 vis
1067 4478 1239 4557 humana
1272 4483 1481 4585 quotannis

440 4607 608 4683 Maxima
640 4629 822 4710 ‘quaeque
856 4631 977 4680 manu
1009 4605 1168 4707 legeret,
1212 4605 1265 4681 sic
1298 4605 1429 4684 omnia
1461 4606 1548 4685 fatis

301 4778 305 4785 -
355 4768 360 4774 ·
437 4733 485 4806 Iu
509 4732 619 4837 peius
643 4756 757 4807 ruere
780 4756 826 4807 ac
850 4746 954 4807 retro
977 4728 1154 4836 sublapsa
1179 4729 1315 4808 referri
1325 4729 1392 4827 ³⁸),

220 5015 223 5021 Α
282 5056 316 5130 *)
336 5050 545 5137 Georgic.1.,
570 5071 637 5135 ¹97·
