4809 6142
513 614 560 685 de
584 611 752 687 ubertate
766 612 955 708 frumenti
977 611 1208 712 temporibus
1231 614 1514 711 antiquissimis.
1734 618 1810 695 859

201 832 443 946 quinque,
477 826 575 911 faba
607 852 651 913 et
675 851 817 915 cetera
843 828 1081 943 legumina,
1116 862 1217 916 cum
1245 852 1434 949 quatuor
1460 828 1607 944 digitis
1638 859 1661 913 a
1693 855 1808 916 terra

220 973 488 1074 exstiterint,
522 992 638 1057 tecte
665 970 903 1057 sarrientur
923 967 981 1089 ³¹¹).
1045 972 1272 1085 segetibus
1303 1002 1482 1088 quoqne
1517 974 1659 1055 iam'a
1691 995 1807 1056 terra

220 1094 538 1225 pullulantibus
577 1113 765 1197 maxima
800 1144 825 1199 a
860 1112 1014 1227 priscis
1051 1113 1222 1197 rusticis
1255 1142 1361 1197 cura
1393 1112 1588 1196 adhibita
1620 1134 1709 1213 est,
1753 1142 1806 1195 ue

222 1255 351 1337 noxia
394 1284 478 1371 qna
521 1256 729 1368 perirent.
789 1254 881 1342 Ubi
913 1253 983 1339 vel
1018 1254 1139 1367 uligo
1168 1254 1239 1338 vel
1275 1254 1423 1369 aliqua
1454 1255 1588 1367 pestis
1620 1277 1807 1363 segetem

221 1421 399 1499 enecat,
444 1396 507 1481 ibi
539 1395 842 1481 columbinum
873 1418 1070 1503 stercus,
1110 1395 1181 1481 vel
1211 1397 1248 1479 si
1274 1370 1322 1480 i'd
1353 1427 1441 1479 non
1473 1420 1562 1499 est,
1598 1394 1706 1479 folia
1737 1422 1808 1478 cn·

222 1536 359 1648 pressi
386 1538 590 1620 convenit
619 1538 761 1649 spargi
788 1561 832 1623 et
856 1535 1038 1623 inarari.
1096 1534 1184 1621 Sed
1214 1535 1562 1651 antiquissimum
1594 1559 1682 1637 est,
1700 1566 1808 1645 ‚om-

221 1707 320 1760 nem
344 1677 447 1762 inde
471 1679 699 1765 humorem
721 1681 837 1765 facto
857 1683 982 1766 sulco
1001 1678 1239 1764 deducere.
1299 1677 1396 1763 Col.
1425 1678 1501 1762 lib.
1524 1677 1595 1779 lt,
1622 1706 1713 1790 cap.
1729 1676 1806 1760 IX.

220 1818 417 1904 Assiduis
447 1851 582 1933 porro
612 1824 921 1939 aquationibus
953 1819 1280 1921 refovebantur,
1313 1850 1367 1904 ne
1398 1819 1468 1904 vel
1498 1818 1685 1903 aestibus
1715 1849 1838 1941 per-U

221 1986 482 2067 urerentur,
522 1963 592 2048 vel
629 1988 679 2050 ut
708 1968 921 2051 maiorem
952 1964 1000 2049 in
1027 1963 1210 2047 modum
1237 1962 1505 2047 laetarentur
1537 1990 1584 2044 ac
1617 1960 1810 2045 fructum

221 2099 400 2187 ferrent.

336 2244 564 2329 Praeclara
595 2246 788 2331 Maronis
816 2248 894 2330 bac
921 2248 976 2332 de
1009 2278 1059 2330 re
1089 2248 1285 2330 carmina
1317 2246 1373 2329 ita
1401 2269 1571 2332 sonant:

425 2411 560 2504 ”Quid
584 2412 728 2503 dicam,
765 2417 865 2489 iacto
890 2414 960 2517 qui
984 2412 1130 2489 semine
1153 2412 1370 2487 cummium
1394 2439 1483 2487 arva

418 2534 663 2633 Insequitur,
687 2537 940 2637 cumulosque
965 2542 1048 2613 ruit
1072 2540 1172 2612 male
1197 2538 1354 2643 pinguis
1378 2542 1542 2613 arenael

417 2654 571 2729 Deinde
593 2656 681 2731 satis
705 2656 871 2732 fluvium
896 2659 1049 2737 inducit
1074 2662 1251 2763 rivosque
1274 2678 1491 2763 sequentem

418 2780 481 2867 Et,
520 2806 646 2881 quum
678 2799 832 2856 exustus
861 2808 951 2885 ager
982 2784 1239 2861 morientibus
1270 2800 1418 2861 aestuat
1450 2780 1600 2869 herbis,

418 2904 531 2990 Ecce,
569 2903 777 3007 supercilio
802 2906 931 2982 clivosi
957 2908 1122 2983 tramitis
1146 2907 1295 2983 undam

419 3024 554 3119 Elicit;
588 3025 655 3101 illa
680 3024 817 3104 cadens
842 3056 1005 3104 raucum
1030 3058 1101 3136 per
1125 3032 1223 3108 levia
1248 3057 1429 3107 murmur

419 3152 512 3224 Saxa
538 3150 628 3262 ciet,
665 3153 923 3257 scatebrisque
946 3155 1094 3231 arentia
1123 3172 1310 3259 temperat
1334 3182 1422 3229 arva
1438 3150 1532 3248 *iil-t

338 3292 497 3396 Ceres,
540 3324 641 3378 cum
667 3320 815 3411 postea
846 3298 1077 3385 flavescere
1110 3304 1332 3414 coeperit,
1374 3299 1581 3384 custodiis
1611 3298 1808 3385 servaba-

224 3460 319 3539 tur,
351 3460 448 3519 uta
480 3434 735 3548 pecoribus,
778 3439 957 3545 avibus,
998 3444 1182 3559 aliisque
1216 3442 1354 3527 noxiis
1385 3438 1645 3525 animalibus
1671 3439 1811 3526 vindi·

222 3602 408 3660 caretur.
471 3579 521 3659 ln
560 3581 776 3661 montanis
817 3579 924 3665 locis
960 3586 1096 3669 tradit
1126 3582 1379 3669 Carstenins
1408 3578 1606 3666 Niebuhr
1627 3579 1727 3687 titt)
1766 3611 1810 3666 se

220 3720 379 3833 passim
407 3720 530 3839 quasi
561 3719 688 3803 nidos
722 3720 768 3803 in
797 3721 1029 3807 arboribus
1054 3725 1240 3823 vidisse,
1274 3722 1434 3836 quibus
1466 3719 1630 3849 Arabes
1662 3718 1717 3805 ad
1747 3750 1812 3805 se*

222 3884 337 3970 getes
366 3859 673 3943 custodiendas
705 3860 973 3946 insederunt.
1035 3863 1083 3946 In
1112 3861 1335 3964 Tohama,
1370 3860 1447 3945 ubi
1480 3858 1658 3944 arbores
1690 3891 1813 3947 rarae

222 4023 348 4104 sunt,
381 3998 607 4121 machinae
637 4000 748 4088 altae
775 4000 890 4089 bunc
923 4006 970 4089 in
1001 4002 1136 4089 finem
1166 4024 1269 4087 sunt
1295 4024 1583 4085 constructae.

336 4140 573 4258 Postquam
605 4173 710 4229 vero
736 4175 855 4257 seges
885 4147 1060 4249 tandem
1083 4143 1138 4230 ad
1163 4142 1455 4227 maturitatem
1479 4140 1689 4254 perducta
1716 4141 1811 4227 sue·

224 4287 306 4389 rit,
349 4286 498 4369 messis
537 4282 656 4369 baud
693 4289 998 4391 recrastinata,
1041 4316 1128 4405 qua
1159 4284 1296 4369 dilata
1339 4283 1476 4369 multa
1516 4305 1707 4392 segetum
1739 4314 1809 4365 co·

223 4426 296 4538 pia
330 4426 474 4539 perire
509 4449 679 4539 potest,
722 4428 800 4513 sed
830 4430 952 4515 nulla
984 4460 1106 4514 mora
1137 4427 1370 4512 interiecta
1412 4425 1608 4509 demessa
1644 4447 1809 4509 est-se·

225 4596 321 4678 ges,
361 4590 405 4651 et
437 4566 637 4681 pluribus
675 4568 859 4687 quidem
897 4571 1068 4675 modis,
1115 4569 1277 4689 quibus
1308 4564 1427 4652 band
1456 4566 1602 4651 minor
1634 4563 1812 4675 frugum

285 4869 314 4945 Ἴ
336 4860 408 4930 Col.
424 4867 484 4956 ll.,
519 4889 565 4931 ta.

129 4998 155 5049 ¹,
267 4975 315 5053 ”l
336 4974 453 5059 virgil.
475 4976 625 5060 Georgic.
645 4976 759 5057 titt,
784 4979 974 5058 rod—tn.

250 5082 318 5164 m)
336 5081 440 5147 Caret.
458 5082 632 5148 Niebntrr
651 5085 888 5171 Bercltrot'burg
907 5106 968 5152 vor
986 5085 1147 5165 Arabim,
1168 5083 1204 5152 S.
1220 5084 1288 5155 stt.
1315 5082 1395 5152 Tab.
1410 5080 1504 5159 tr..
1531 5080 1633 5151 tur.

288 5185 299 5201 Χ
663 5204 668 5211 ’
1342 5196 1418 5275 109
1434 5216 1449 5225 “
