4809 6142
811 556 972 629 Plurirrre
1000 558 1299 635 &seinamma
1372 562 1375 568 “
1777 562 1853 643 817

263 796 360 886 pag.
377 760 514 872 rubr.
533 767 600 855 De
609 768 751 859 (land.
765 793 866 886 syst.
875 772 908 858 1.
919 780 1021 888 pe'g.
1033 771 1205 876 bob-
1239 772 1475 859 Tctrncern
1489 768 1716 888 cupidam
1732 772 1788 862 G.
1801 774 1849 863 F.

262 910 340 998 W.
363 908 537 1022 Meyer!
558 912 785 1031 esseqneb.
804 942 899 1028 pag.
912 888 1012 1002 nob,
1057 910 1277 1001 DeCand.
1298 912 1452 1025 prodr.
1470 912 1502 999 Ι.
1528 915 1709 1029 pag-69.

376 1051 673 1169 Descriptioni
702 1058 998 1145 erectissimae
1026 1056 1083 1144 cl.
1108 1054 1263 1167 Meyer
1296 1057 1557 1169 paucissima
1589 1078 1756 1145 tantum
1781 1056 1855 1145 nd-
1933 1142 1936 1147 .

262 1190 537 1284 dendasnnt.
566 1194 692 1283 Folia
707 1196 758 1281 in
768 1198 879 1283 meis
898 1196 1212 1313 speciminibus
1228 1196 1346 1305 hund
1359 1199 1543 1305 maiora,
1564 1199 1722 1317 petinii
1737 1199 1857 1289 hnud
1888 1220 1891 1231 '

261 1335 483 1450 longiores
503 1359 547 1423 et
565 1360 808 1425 serratnrae
830 1338 948 1425 baud
966 1337 1103 1451 magis
1124 1360 1334 1446 remotas,
1355 1368 1405 1427 uc
1425 1341 1470 1426 in
1493 1341 1621 1429 icone
1636 1340 1859 1429 Anbletia-

259 1505 329 1563 ntt.
376 1476 440 1561 ln·
455 1476 678 1597 plerisque
706 1457 833 1567 foliis
854 1501 1026 1594 praeter
1054 1478 1386 1573 nervidorsulis
1406 1496 1651 1569 tomentum
1669 1505 1855 1601 utruque

260 1616 417 1732 pagina
437 1617 582 1707 adhue
606 1621 725 1707 uillis
746 1623 959 1737 appressis
983 1621 1243 1709 subsericeis
1263 1622 1413 1709 vestita
1432 1644 1520 1727 est,
1548 1622 1626 1739 qui
1649 1625 1696 1709 in
1717 1626 1859 1738 petie·
1990 1694 1993 1701 .

195 1802 199 1806 ·
261 1760 317 1847 lis
343 1754 456 1849 liunt
487 1760 711 1851 densiores
745 1749 978 1883 minusque
1001 1764 1208 1879 oppressi.
1255 1762 1501 1859 Pedunculi
1525 1762 1586 1851 ad.
1608 1764 1732 1851 basin
1759 1764 1857 1853 bre-

262 1904 422 2009 cteati,
466 1903 654 1991 bracteis
686 1908 824 1993 oratis
857 1904 1167 1992 obtusiuscnlis
1210 1904 1399 1991 hirsutis.
1459 1905 1598 2019 Culyx
1623 1930 1857 2021 penta-ra-

264 2049 355 2130 rius
376 2046 679 2159 tetrasepalus,
715 2049 873 2163 sepelis
892 2046 1181 2135 exterior-ibus
1204 2047 1450 2133 minoribns
1467 2045 1752 2133 subrotnndis
1779 2047 1857 2133 ob·

262 2187 385 2288 tusis,
419 2186 708 2271 interioribus
733 2188 974 2274 maioribus
1001 2187 1208 2300 ellipticis
1235 2190 1384 2273 scutis.
1453 2187 1680 2309 Corollnm
1702 2213 1745 2275 et
1774 2221 1855 2302 ego
1928 2176 1934 2181 ¹

260 2325 349 2411 non
373 2327 535 2413 inveni.
567 2327 780 2414 Germine
796 2329 842 2413 in
863 2330 971 2417 meis
988 2326 1320 2443 speciminibus,
1342 2328 1598 2417 staminibus
1619 2329 1859 2435 fertilibus,

263 2470 413 2555 omnia
441 2499 530 2552 non
557 2469 839 2576 foecundata,
865 2471 946 2557 sed
971 2471 1281 2571 nniloculeria,
1310 2494 1353 2553 et
1376 2472 1583 2587 utrinque
1605 2498 1780 2556 suturae
1801 2472 1862 2557 le·

260 2609 436 2691 sisstme
467 2607 662 2723 quodum
693 2611 877 2721 vestigio
905 2632 1065 2695 notata.
1107 2609 1251 2723 Stylns
1273 2608 1365 2693 basi
1389 2608 1643 2724 subunceps.
1695 2612 1859 2721 Stigrna

261 2748 575 2853 orbiculatum,
602 2748 1121 2836 subiufundibnlisorme.

385 2889 681 2978 Observatiol.
715 2894 809 3006 lpse
827 2892 948 2979 ch.
962 2892 999 2977 F
1002 2957 1012 2974 .
1024 2890 1103 2977 W.
1118 2890 1288 3003 Meyer,
1310 2891 1389 3009 qui
1409 2892 1576 3004 primns
1592 2892 1765 3005 plantae
1781 2893 1859 2979 bu·

264 3033 348 3132 ins,
382 3061 536 3144 parum
558 3034 774 3146 cognitae,
806 3031 1063 3118 uberiorem
1083 3030 1208 3117 dedit
1228 3029 1586 3145 descriptionem,
1611 3034 1779 3145 egregie
1802 3033 1862 3117 fu·
2026 3026 2032 3037 ⁸

264 3195 397 3275 tetur,
415 3201 459 3257 se
481 3200 602 3257 snam
624 3174 806 3286 stirpem
827 3172 880 3257 ab
892 3170 1169 3274 subiectans,
1184 3199 1316 3285 snpra
1334 3166 1525 3275 laudate,
1542 3168 1757 3257 diversam
1771 3204 1860 3263 non

261 3308 513 3395 habiturum
532 3340 641 3415 esse,
659 3311 744 3397 uisi
761 3309 865 3397 hnic
882 3310 1113 3397 Aubletins
1132 3310 1497 3397 inflorescentium
1515 3334 1559 3395 et
1572 3310 1702 3397 flores
1719 3311 1861 3398 direr-
1911 3398 1914 3405 ,

261 3478 330 3535 sos
347 3449 654 3564 adscripsisset.
688 3450 776 3539 Sed
794 3452 955 3538 florum
972 3450 1272 3537 differentiam
1293 3451 1457 3535 nnllam
1478 3450 1674 3556 invenio,
1691 3453 1774 3538 nisi
1791 3483 1863 3537 co·

262 3590 400 3675 rollae
421 3590 659 3676 absentiam
682 3591 727 3675 in
749 3592 924 3695 nostris,
943 3592 1232 3706 praesentiam
1255 3588 1508 3676 indubletii
1529 3592 1858 3704 speciminibus,

260 3758 373 3845 quae
403 3732 448 3812 in
480 3731 561 3815 boc
592 3761 750 3843 genere
780 3755 823 3816 et
844 3728 1049 3816 affinibus
1067 3731 1126 3813 ob
1144 3754 1293 3814 notam
1313 3730 1558 3843 petalornm
1577 3731 1856 3845 fugacissrem

263 3870 427 3953 nullius
449 3871 660 3954 momenti
682 3894 757 3957 esu
789 3870 847 3955 Et
868 3872 1212 3958 inflorescentiae
1230 3870 1460 3956 dubletins
1476 3902 1652 3985 prorsus
1670 3905 1756 3959 non
1775 3906 1863 3961 me·

262 4009 404 4093 minin
443 4010 553 4095 Nam
582 4010 707 4126 quod
734 4012 924 4125 speciem
948 4012 1058 4097 benc
1081 4010 1359 4127 praecedenti
1386 4012 1615 4131 (Tigareae
1644 4012 1856 4130 asperae),

265 4181 376 4267 quae
396 4150 580 4259 floribus
601 4154 862 4269 paniculatis
883 4153 1059 4267 gaudet,
1089 4184 1180 4239 esso
1200 4153 1473 4239 simillimam
1493 4152 1621 4260 dicit,
1645 4155 1761 4268 apud
1783 4185 1858 4240 au·
1979 4244 1985 4257 ,

265 4319 430 4380 ctorem
452 4319 538 4381 tam
559 4297 849 4410 negligentem
873 4298 937 4383 nil
960 4293 1231 4383 affirman-
1271 4294 1339 4379 Ab
1359 4295 1493 4381 altera
1510 4318 1633 4411 purte
1653 4297 1860 4383 convenit

263 4460 410 4520 nostra
436 4436 585 4550 planta
611 4468 712 4523 cum
732 4438 1017 4524 dubletiann:
1056 4469 1090 4521 t.
1124 4435 1275 4521 babitu
1296 4434 1596 4553 foliorumque
1618 4435 1784 4544 formem
1819 4470 1858 4521 2.

263 4574 473 4661 foliorum
496 4600 708 4681 tomento,
728 4578 852 4695 qnod
873 4584 943 4663 vix
963 4588 1005 4663 in
1026 4579 1111 4665 alia
1132 4577 1279 4693 planta
1297 4609 1349 4664 ex
1369 4577 1486 4663 tribu
1504 4577 1857 4663 Delimecearnm

266 4721 484 4826 occurrit3
517 4719 558 4804 3.
577 4719 738 4832 calycis
751 4782 765 4824 ,
805 4721 847 4823 4.
869 4720 1077 4831 germinis
1097 4743 1143 4807 et
1167 4721 1376 4832 stigmatis
1397 4744 1628 4807 structura.
1687 4718 1860 4831 Quibus

262 4861 504 4972 perpensis,
523 4860 670 4946 nullus
691 4860 908 4968 dubitari,
926 4861 1033 4977 quin
1054 4860 1163 4948 banc
1183 4882 1376 4947 nostram
1392 4862 1583 4976 plantum
1603 4862 1857 4977 peneadem

263 4998 463 5105 babeam,
486 5031 535 5085 ac
558 5000 876 5087 dubletianam.
