4809 6142
527 551 603 631 484
887 547 936 620 D.
969 547 1022 622 H.
1055 544 1218 620 Horra
1244 562 1298 617 ur
1323 543 1365 616 F.
1392 538 1758 636 Honuscuucrr,

647 761 768 851 Obs.
831 763 899 851 Cl.
929 764 1100 881 Dejeun
1130 763 1175 848 in
1207 760 1417 871 Catalogo
1450 758 1720 844 collectionis
1751 786 1853 843 suae
1882 755 2119 848 ditissimae

531 909 780 1014 insectum,
831 902 887 992 de
931 936 1019 1024 qno
1060 904 1132 989 hic
1171 932 1315 989 sermo
1356 923 1473 1006 erat,
1525 923 1734 1017 tanquam
1774 901 2028 988 varietatem
2070 904 2119 989 L.

527 1046 896 1163 Hcffmonnseggii
935 1044 1063 1130 Paua.
1106 1042 1260 1152 addit,
1302 1066 1448 1129 nostra
1488 1066 1632 1128 autern
1674 1043 1886 1129 sententia
1927 1045 2027 1131 satis
2058 1044 2121 1133 di·

528 1189 682 1274 stincta
711 1188 876 1304 species
907 1182 1109 1272 habenda
1139 1206 1204 1271 est
1233 1181 1436 1303 uotisque
1470 1185 1599 1270 certis
1631 1183 1940 1315 dignoscenda.

755 1494 822 1647 8.
860 1491 1021 1601 Lebia
1057 1490 1344 1598 thoraciola.
1405 1499 1515 1592 Tab.
1539 1503 1676 1595 XLV.
1712 1504 1806 1619 Fig.
1828 1444 1871 1619 9.

641 1754 693 1840 1..
724 1752 858 1856 alata,
892 1748 1112 1866 depressa,
1146 1747 1366 1852 coerulea,
1398 1743 1594 1848 thorace,
1625 1739 1887 1849 femoribus,
1916 1739 2123 1848 antenna

444 1893 449 1903 ’
529 1927 716 2027 rumque
746 1899 891 2010 primo
924 1893 1109 1979 articulo
1142 1891 1303 1978 rubris.

647 2038 786 2149 Long.
820 2030 931 2146 5¹ls''';
973 2035 1074 2148 elyt.
1106 2029 1177 2140 3'‘;
1224 2032 1297 2117 lat.
1334 2031 1437 2147 elyt.
1468 2052 1579 2148 post.
1611 2026 1724 2140 a¹ls‘'';
1771 2028 1887 2145 long.
1933 2026 2130 2136 thoracis

530 2180 703 2290 vixr‘';
678 2180 803 2267 '·lat
842 2176 944 2276 vlam·

729 2397 931 2473 Habitat
962 2397 1031 2471 sub
1062 2394 1243 2492 lapidibus
1268 2393 1308 2467 iu
1331 2390 1425 2469 silva
1449 2391 1581 2465 montis
1613 2386 1845 2484 Hundcbsrg
1874 2411 1992 2485 prope
2032 2386 2121 2460 Ter-

525 2535 680 2619 gentum,

649 2736 839 2825 Descr.
900 2733 1046 2849 Caput
1084 2757 1291 2845 ovatum,
1321 2736 1638 2851 marginatum,
1671 2733 2000 2856 punctnlatum,
2042 2733 2123 2824 ob·

531 2909 658 2966 scure
716 2877 1006 2985 coeruleum3
1077 2876 1233 2992 clypeo
1288 2878 1636 2967 suhcuneiformi
1681 2875 1824 2963 nitido
1871 2874 2121 2999 rufescenti.

530 3019 657 3135 Palpi
688 3018 872 3103 obscure
905 3014 1056 3121 rubri,
1098 3004 1219 3131 apice
1251 3022 1440 3122 cuiusvis
1471 3016 1646 3105 articuli
1683 3018 1899 3107 dilutiori.
1959 3016 2123 3102 Anten-

531 3193 688 3250 narum
727 3160 935 3246 articulus
974 3159 1144 3274 primus
1185 3159 1351 3269 ruber,
1400 3161 1567 3279 reliqui
1604 3136 1921 3273 nigro-fusci,
1958 3161 2120 3275 pilosi,

530 3336 702 3391 summo
735 3302 924 3388 cuiusvis
955 3303 1130 3388 articuli
1162 3308 1285 3418 apice
1315 3305 1574 3397 rufescente.
1634 3304 1810 3390 Thorax
1840 3303 2119 3407 latiusculus,

532 3472 823 3547 transversus,
857 3443 997 3527 antica
1024 3442 1097 3526 vix
1126 3442 1522 3557 snbemarginatus,
1556 3444 1723 3559 angulis
1754 3445 2123 3563 subacuminatis,

530 3584 741 3674 lateribus
781 3582 1061 3689 rotundatur,
1106 3604 1235 3669 tenue
1276 3591 1569 3704 marginatus,
1616 3589 1785 3703 angulis
1815 3588 1991 3703 posticis
2020 3618 2123 3701 pro·
2199 3699 2204 3707 .

533 3727 804 3817 minentibus
836 3725 972 3810 acutis
1001 3723 1284 3831 subclevatis,
1327 3731 1632 3843 punctulatus,
1675 3729 1792 3813 linea
1824 3726 1987 3812 dorsali
2021 3757 2124 3811 con·

532 3872 661 3957 cinae
694 3870 914 3984 impressa.
975 3865 1218 3953 Scutellum
1248 3868 1542 3985 triangulare,
1575 3870 1894 3983 marginatum,
1927 3868 2119 3979 nigrum,
2153 3941 2157 3952 .

532 4012 655 4127 apice
688 4010 920 4099 rufesceus.
980 4006 1142 4120 Elytra·
1169 4006 1345 4098 thorace
1375 4014 1515 4098 multo
1546 4012 1726 4116 latiora,
1760 4008 2119 4130 conveniuscula,

530 4152 798 4267 marginata,
827 4149 1020 4235 humeris
1042 4151 1310 4259 rotundatis,
1343 4156 1466 4269 apice
1488 4153 1669 4270 oblique
1692 4152 2120 4255 sinuato-truncata,

532 4294 769 4381 abdomine
800 4290 1044 4397 breviora,
1071 4290 1225 4377 crebre
1255 4317 1487 4410 punctam,
1520 4296 1566 4380 in
1595 4294 1768 4407 singulo
1797 4291 1941 4405 elytro
1971 4294 2119 4397 striae,

530 4410 550 4549 1
560 4440 628 4525 vel
656 4436 801 4554 potius
832 4430 990 4551 sulci,)
1022 4458 1204 4550 septem,
1238 4459 1357 4522 certo
1387 4440 1473 4525 situ
1504 4438 1619 4526 visae
1651 4435 1845 4525 obsolete
1876 4456 2119 4552 punctato·
2208 4450 2211 4455 ’

534 4602 760 4683 crenatae,
807 4607 918 4696 quae
960 4576 1201 4690 marginem
1232 4581 1674 4669 exterioremversus
1705 4580 1934 4683 desinunt,
1982 4577 2041 4662 ita
2072 4597 2121 4659 ut

531 4750 681 4833 margo
711 4722 798 4805 lato
831 4717 996 4805 ambitu
1027 4719 1201 4806 nonsit
1232 4722 1429 4830 striatus,
1462 4724 1748 4811 nihilominus
1772 4748 1917 4810 tamen
1948 4716 2120 4832 punctis

398 4898 405 4919 ¹
531 4862 749 4977 impressis
788 4860 1048 4946 inordinatis
1078 4861 1274 4971 obsitus3
1313 4866 1444 4953 striae
1484 4867 1630 4975 duae,
1677 4898 1790 4986 quae
1819 4885 1993 4950 suturae
2020 4890 2123 4975 pro·

529 5009 705 5111 nimae,
737 5032 875 5120 usque
908 5003 964 5091 ad
994 5005 1163 5121 apicem
1191 5004 1322 5122 elytri
1351 5034 1616 5115 excurrunt,
1650 5038 1732 5095 nec
1762 5036 1867 5094 vcro
1897 5005 2116 5121 reliquae,
2223 5041 2227 5059 ¹
