4809 6142
811 564 970 637 Plantae
1003 560 1300 635 Suriucmeuees.
1679 535 1683 543 ⁵
1774 560 1850 641 803

386 779 648 865 Obseruantia.
709 775 779 863 Cl.
811 776 1009 862 Schultes
1048 806 1181 893 qnam
1224 776 1280 862 ob
1314 802 1406 861 rem
1437 770 1615 862 nomina
1645 770 1850 857 Hirtella-

267 948 366 1003 rum
399 919 713 1003 Lamarclriana
743 918 1013 1007 Swartzianis
1038 916 1322 1030 praetulerit,
1365 913 1538 1015 nescio,
1581 940 1718 1027 quum
1744 910 1848 997 baec

263 1058 309 1141 in
334 1058 576 1171 prodromo
604 1059 724 1172 1788.
758 1058 875 1148 edita
905 1060 1058 1173 priora
1080 1047 1191 1145 s'unt.
1316 1094 1326 1104 ·

379 1230 450 1312 91.
483 1200 674 1285 Himella
702 1183 877 1313 upetala
907 1199 1031 1285 mihi.

382 1341 518 1425 Foliis
551 1341 916 1451 ovato-oblongis
950 1339 1205 1423 acuminatis
1237 1336 1421 1449 glabris,
1457 1339 1639 1423 racemis
1670 1368 1847 1450 compo-

261 1458 353 1566 sitis
379 1465 698 1583 terminalibus,
731 1481 912 1565 floribus
939 1480 1118 1595 apetalis
1145 1481 1424 1584 enneandris,
1458 1482 1604 1591 calyce
1631 1503 1816 1594 patente.

380 1621 504 1707 Rami
542 1622 723 1734 lignosi,
765 1622 1177 1733 flexuoso-virgati,
1228 1621 1394 1732 glabri3
1446 1621 1605 1705 ramuli
1651 1621 1846 1705 iuniores

262 1765 362 1877 pilis
389 1766 601 1877 oppressis
626 1768 782 1879 sparsis
811 1765 980 1853 hirsuti.
1045 1764 1172 1849 Folia
1205 1761 1411 1875 pollicem
1448 1764 1634 1847 circiter¹
1658 1762 1711 1845 ab
1741 1762 1876 1845 invi·
2006 1844 2009 1851 ,

264 1932 357 1987 cem
386 1898 613 2006 distantia,
647 1889 779 1991 breve
816 1905 1135 2019 pedunculata,
1175 1903 1553 2017 ovato-oblonga,
1593 1902 1848 2019 quadripol·

262 2043 438 2146 licaria,
472 2043 703 2129 latitudine
731 2046 1213 2162 subsesquipollicaria,
1246 2048 1513 2146 acuminata,
1548 2044 1638 2129 basi
1669 2044 1848 2127 subacu-

262 2206 330 2285 ta,
363 2185 670 2292 integerrima,
705 2186 777 2292 (in
803 2186 954 2287 siccis,
989 2214 1042 2267 an
1069 2185 1199 2267 etiam
1230 2188 1273 2265 in
1305 2184 1442 2268 vivis?
1479 2184 1632 2267 leviter
1663 2180 1848 2263 undula-

260 2326 357 2429 ta,)
389 2321 841 2424 vadoso-reticulata,
877 2323 1052 2435 glabra,
1095 2350 1226 2434 supra
1253 2316 1462 2426 nitentia3
1503 2322 1676 2404 iuniora
1704 2340 1847 2402 tamen

260 2460 316 2544 ad
344 2486 505 2545 costam
533 2461 683 2546 subtus
711 2463 889 2546 hirsuta.
950 2462 1127 2545 Racemi
1155 2463 1405 2573 compositi,
1440 2462 1613 2565 alterni,
1645 2463 1692 2547 in
1724 2463 1844 2573 apice

260 2629 511 2703 ramorum,
544 2625 934 2715 erecto-patentes.
995 2600 1241 2688 Pedunculi
1266 2604 1566 2714 pubescentes,
1601 2602 1844 2704 divaricati,

262 2741 443 2845 alterni,
475 2740 584 2825 flore
615 2742 857 2846 terminati,
892 2740 949 2827 ad
974 2742 1098 2826 cuius
1126 2742 1248 2828 basin
1276 2743 1478 2829 oriuntur
1505 2738 1711 2856 pedicelli
1732 2740 1842 2844 bini,

261 2883 474 2994 oppositi,
509 2883 578 2967 vis
605 2884 766 2969 lineam
799 2883 940 2993 longi,
975 2881 1146 2966 triilori.
1206 2882 1412 2971 Bracteae
1444 2882 1755 2965 minutissimae
1789 2880 1846 2964 ad

259 3022 383 3105 basin
426 3024 660 3107 cuiuslibet
701 3020 955 3127 divisionis,
1001 3023 1190 3107 florales
1215 3022 1373 3107 nullae.
1437 3020 1575 3131 Calyx
1607 3052 1695 3103 non
1733 3021 1844 3123 obli·
1963 3132 1967 3141 Ι

260 3195 370 3281 que,
419 3162 496 3248 sed
538 3166 717 3247 omniuo
761 3190 876 3249 recte
916 3164 1136 3277 pedicello
1168 3162 1387 3265 insidens,
1434 3154 1846 3275 tomentum-pube·

230 3334 407 3406 seem,
440 3304 638 3391 eiusdem
668 3304 759 3391 sere
797 3306 1107 3417 magnitudinis
1139 3334 1188 3387 ac
1224 3306 1267 3387 in
1300 3301 1478 3415 Aphan'e
1511 3304 1702 3405 artensi,
1737 3303 1842 3387 tubo

258 3445 481 3528 urceolam
495 3506 508 3545 ,
553 3445 692 3529 limbo
737 3447 1014 3531 aestivatione
1059 3443 1313 3547 imbricata,
1357 3444 1415 3523 ita
1449 3465 1614 3542 tumen,
1657 3464 1705 3524 ut
1739 3439 1843 3525 laci-

258 3583 356 3665 niae
393 3581 505 3667 duae
542 3588 765 3697 oppositae
803 3585 905 3668 hinc
930 3588 1105 3669 unicam
1141 3583 1337 3666 intimam
1368 3576 1636 3689 marginibus
1666 3579 1752 3661 suis
1784 3603 1845 3667 te.-

259 3745 381 3835 gaut,
426 3724 526 3806 binc
563 3724 784 3808 aduabus
822 3726 1144 3809 collateralibus
1177 3722 1346 3807 extimis
1380 3744 1423 3805 et
1449 3722 1561 3804 inter
1592 3749 1635 3803 se
1668 3720 1844 3805 alternis

258 3881 483 3969 tegantur3
516 3860 687 3943 laciniis
718 3862 923 3945 omnibus
953 3861 1059 3947 dein
1086 3859 1362 3974 patentibus,
1405 3889 1484 3943 nec
1513 3880 1559 3941 nt
1585 3858 1631 3939 in
1665 3859 1845 3975 reliquis

257 3997 484 4110 speciebus
528 3998 724 4104 reflexis,
769 4000 1102 4119 obtusiusculis,
1142 3997 1491 4113 pubescentibus.
1550 3996 1697 4080 Petala
1728 4024 1842 4084 certe

226 4136 405 4240 nulla,
447 4167 526 4223 nec
559 4161 656 4224 ante
683 4138 880 4225 antbesin
917 4142 1008 4227 ulla
1040 4169 1194 4226 eorum
1227 4138 1487 4224 rudimenta.
1549 4138 1740 4221 Stamina
1766 4170 1844 4222 no·

257 4281 381 4387 vem,
415 4281 613 4397 quinque
646 4280 816 4367 laciniis
855 4283 1066 4395 calycinis
1099 4284 1290 4385 alterna,
1326 4302 1512 4395 quatuor
1541 4278 1594 4361 iis
1627 4280 1864 4391 opposita„

259 4418 480 4503 decimum
512 4416 720 4532 deficiens
748 4448 845 4509 ante
878 4425 1082 4509 laciniam
1108 4420 1220 4533 stylo
1253 4448 1472 4527 aversam,
1518 4418 1677 4499 inserta
1704 4417 1842 4529 calyci

256 4586 413 4671 parum
445 4560 562 4670 inira
598 4564 771 4673 faucem
807 4588 851 4649 et
878 4595 1009 4678 supra
1030 4560 1225 4650 'barbam
1269 4561 1364 4647 tubi
1396 4559 1665 4646 annularem.
1729 4560 1842 4643 Fila·

254 4724 403 4786 menta
434 4701 724 4814 glaberrima,
767 4707 913 4818 calyce
944 4704 1278 4820 subquadruplo
1308 4703 1534 4814 longiora,
1576 4700 1754 4783 demum
1787 4704 1842 4784 ir-

257 4843 514 4951 regulariter
558 4867 762 4928 tortuosa.
829 4844 1046 4929 Antherae
1089 4845 1413 4946 incumbentes,
1459 4839 1838 4959 suburbiculatae,

254 4978 496 5087 deciduae,
556 4985 780 5086 thecatum
829 4993 1112 5071 commissura
1153 4985 1342 5095 oblonga
1392 4982 1564 5068 callosa.
1646 4980 1874 5082 Germen,

1374 5128 1446 5201 102
