4809 6142
824 598 985 672 Plantae
1015 594 1312 669 Suriuomemea.
1791 599 1866 674 777

384 811 550 920 Spectet
572 810 854 901 adumbratio.
918 810 1070 900 Caulis
1101 809 1367 916 herbaceus,
1407 806 1604 911 erectus,
1644 835 1857 912 ramosus,

263 977 524 1066 tetragonus.
588 957 715 1043 Folia
744 959 962 1073 opposita,
994 954 1219 1072 petiolata,
1253 953 1474 1068 elliptica,
1508 951 1678 1066 apicem
1708 979 1858 1036 versus

264 1117 663 1181 cranam-serrata.
726 1095 974 1184 Pedunculi
1006 1096 1231 1200 axillares,
1264 1092 1435 1197 breves,
1467 1089 1727 1177 bibracteati
1755 1089 1858 1210 (nisi

261 1260 363 1320 cum
393 1235 475 1320 clo.
508 1235 620 1323 Vabl
662 1239 805 1352 ipsum
838 1237 1000 1324 solium
1029 1238 1277 1327 subiectum
1307 1268 1389 1353 pro
1421 1237 1599 1324 bractea
1629 1235 1759 1321 tertia
1790 1265 1857 1320 su-

260 1407 381 1464 mere
422 1357 586 1496 mavis).
650 1378 833 1466 Corolla
872 1407 1034 1495 parva,
1086 1380 1300 1469 caerulea.
1364 1381 1559 1468 Germen
1598 1378 1854 1494 pubescens.
1894 1393 1900 1404 ‘

259 1519 491 1608 Praeterea
522 1522 576 1608 cs.
610 1523 723 1610 Vahl
755 1524 783 1610 l.
807 1554 843 1608 c.
1010 1613 1014 1626 ,

381 1664 632 1752 Observatio
662 1665 698 1751 I.
760 1665 966 1754 Proxime
1008 1668 1177 1756 accedit
1208 1668 1291 1754 hoc
1323 1699 1456 1784 genus
1489 1667 1546 1753 ad
1575 1663 1856 1753 Lindernium

259 1807 389 1894 Linn.
443 1831 486 1894 et
529 1811 576 1895 ni
616 1806 747 1895 fallor
787 1809 845 1895 ad
884 1811 1168 1927 Morganium
1204 1811 1252 1897 R.
1291 1809 1465 1898 Brown.
1536 1808 1574 1893 A
1619 1788 1847 1896 Vundelli'
1965 1839 1973 1854 ¹

257 1950 406 2059 Lina,
441 1981 632 2070 quacum
653 1983 742 2039 non
763 1952 857 2039 sine
882 1952 1155 2041 dubitatione
1173 1955 1467 2040 'coniunxerat
1487 1952 1539 2037 cl.
1565 1950 1783 2037 Schreber
1805 1949 1853 2034 in

259 2125 355 2208 gen.
386 2097 572 2210 plantar.
600 2095 653 2181 ll.
685 2126 779 2211 pag.
801 2100 921 2210 419,
956 2095 1130 2184 abunde
1159 2096 1315 2183 differt
1345 2095 1572 2182 crescendi
1601 2093 1754 2197 modu,
1788 2123 1854 2177 ca·

258 2237 384 2348 lycis,
419 2236 630 2336 corollae,
660 2239 868 2348 stigmatis
899 2259 943 2323 et
969 2238 1117 2322 forsan
1149 2241 1282 2324 etiam
1314 2239 1514 2353 capsulae
1545 2259 1775 2322 structura.
1794 2283 1853 2300 -

174 2365 178 2376 ’
257 2376 345 2464 Sed
378 2378 489 2496 quid
521 2401 584 2465 est
616 2377 853 2467 Vundelb'u
882 2410 1105 2467 racemosa
1135 2379 1317 2496 Spreng.
1348 2412 1455 2466 neue
1477 2374 1667 2466 cntdcclt.
1695 2376 1726 2460 Ι.
1753 2406 1847 2491 pag.

258 2521 367 2604 262?
410 2521 477 2604 Ex
515 2519 809 2634 descriptione
851 2525 969 2607 enim
1006 2553 1152 2640 neque
1192 2523 1446 2610 Matoureae
1486 2553 1632 2640 neque
1663 2516 1854 2605 Vandel·

256 2662 341 2748 liae
372 2662 560 2775 genuina
590 2665 755 2779 species
785 2694 873 2749 esse
905 2663 1094 2749 videtur.
1196 2693 1204 2712 ·

376 2804 627 2891 observatio
653 2805 712 2890 ΙΙ.
777 2804 996 2892 Antherae
1027 2830 1116 2892 tam
1147 2804 1398 2918 longiorum
1429 2836 1561 2922 quam
1592 2804 1851 2892 breviorum

258 2953 494 3033 staminum
523 2972 673 3035 utrum
701 2946 977 3055 cohaereant,
1013 2979 1066 3034 an
1088 2946 1369 3032 solummodo
1392 2950 1718 3062 approximatae
1742 2946 1847 3050 sint,

254 3088 417 3174 dubius
447 3087 635 3200 haereo;
677 3112 794 3177 certe
827 3112 973 3177 autem
1003 3091 1270 3178 biloculares
1299 3113 1425 3195 sunt,
1464 3088 1600 3192 thecis
1638 3089 1845 3194 minutis,

255 3231 378 3345 apice
420 3234 666 3346 contiguis,
715 3233 840 3319 basin
890 3263 1040 3318 versus
1086 3233 1166 3318 sub
1204 3255 1325 3319 recto
1370 3233 1528 3344 angulo
1569 3231 1844 3318 distantibus.

253 3372 378 3483 Quid
423 3374 556 3487 igitur
596 3372 680 3459 sibi
724 3374 916 3461 voluerit
952 3377 1006 3460 cl.
1050 3372 1169 3457 Rohr
1212 3372 1332 3487 apud
1366 3371 1575 3458 Vablium
1614 3373 1642 3458 l.
1677 3401 1846 3457 ccum

253 3516 524 3628 corpusculis
561 3516 651 3601 illis
684 3517 933 3602 accessoriis
972 3513 1232 3629 pellucidis,
1278 3492 1477 3600 antheras
1508 3513 1839 3618 mentientibus,

250 3661 297 3742 in
329 3659 451 3774 apice
485 3653 838 3765 filamentorum,
873 3658 1032 3777 quibus
1069 3657 1274 3745 antherae
1306 3655 1592 3742 uuiloculoras
1624 3686 1840 3772 appensae

252 3802 362 3906 sint,
410 3803 589 3906 nescio,
636 3832 717 3885 nec
753 3804 845 3914 ipsa
879 3801 1070 3885 auctoris
1099 3798 1234 3885 verba
1264 3802 1364 3882 satis
1397 3798 1607 3911 intelligo.
1670 3798 1740 3883 An
1771 3790 1858 3885 de?

136 4031 146 4062 .
251 3964 400 4054 ceptus
432 3961 495 4025 est
525 3939 707 4024 anthera
728 3937 937 4055 quadam,
972 3941 1097 4023 cuius
1123 3938 1249 4023 theca
1278 3940 1365 4059 situ
1395 3942 1597 4054 superior
1628 3941 1842 4055 pollinem

249 4110 376 4166 suum
415 4080 633 4186 amiserit,
677 4079 814 4166 altera
853 4079 978 4168 theca
1010 4079 1153 4167 adhuc
1183 4081 1379 4197 integral
1414 4083 1498 4171 Vix
1529 4079 1756 4170 crederem
1788 4080 1842 4166 de

252 4202 528 4310 observatore
561 4245 649 4307 tam
680 4224 936 4338 perspicaci.

365 4391 437 4492 46.
469 4389 677 4505 Scopurt'u
706 4389 844 4478 dulcis
872 4393 1000 4477 Linn.
1034 4421 1095 4508 sp.
1124 4393 1183 4507 pl.
1218 4421 1312 4508 pag.
1341 4393 1433 4479 168.

838 4729 901 4813 19.
963 4699 1249 4785 Sarranae.

121 5040 126 5052 ,
363 4940 433 5055 47.
469 4923 678 5028 Solonem
688 4937 990 5057 ferrugineum
1009 4943 1129 5058 Jacq.
1155 4939 1269 5029 hort.
1295 4939 1523 5028 schoenbr.
1547 4940 1619 5028 Ill.
1644 4971 1740 5058 pag.
1760 4944 1832 5045 46.

248 5077 330 5168 tab.
366 5083 464 5186 334.
1153 5131 1158 5138 -
