4809 6142
841 590 1000 680 Plantae
1025 587 1322 666 surtmmmee.
1591 693 1602 718 ·
1806 597 1881 680 707

414 783 663 873 observatio
691 785 729 873 Ι.
775 788 990 892 Lindsaea
1011 778 1329 907 trapeziformis
1348 788 1544 904 Dryand.
1574 789 1604 878 l.
1625 821 1661 878 c.
1688 820 1784 908 pag.
1804 794 1876 896 da.

293 925 379 1012 tab.
402 957 444 1042 9.
477 960 599 1016 mera
629 931 758 1018 buius
788 935 972 1023 varietas
1001 966 1090 1023 esse
1122 934 1324 1043 videtur,
1355 935 1504 1050 paullo
1532 933 1753 1020 robustior
1781 935 1879 1050 pin·

290 1068 495 1186 nulisque
536 1075 685 1190 paullo
732 1077 988 1164 maioribus.
1056 1075 1156 1165 Alia
1196 1078 1452 1164 discrimina
1491 1107 1572 1163 nec
1612 1077 1757 1162 icones
1795 1105 1875 1164 nec

290 1209 605 1327 descriptiones
635 1216 872 1332 praebent,
914 1242 956 1307 et
987 1231 1032 1304 in
1063 1219 1114 1304 L.
1145 1219 1407 1307 Guianensis
1438 1217 1750 1334 speciminibus
1781 1216 1874 1303 fere

289 1354 492 1468 triginta,
536 1343 663 1474 quae
689 1382 787 1446 ante
820 1362 971 1448 oculos
1002 1361 1167 1469 baben,
1213 1362 1499 1478 pinnularum
1528 1358 1874 1474 magnitudinem

289 1527 377 1581 non
409 1529 581 1616 semper
612 1501 798 1589 eandem
829 1534 918 1593 esse
951 1503 1150 1592 observo.

407 1640 749 1731 Observatio'II.
816 1647 1030 1735 Lindsaea
1062 1645 1323 1734 nitidissima
1351 1647 1542 1754 willa,
1583 1648 1744 1744 fatente
1780 1648 1873 1762 ipso

274 1783 371 1869 clo.
404 1808 607 1893 auctore,
649 1819 738 1876 non
769 1790 853 1874 nisi
901 1788 1060 1876 fronde
1087 1790 1330 1904 bipinnata
1374 1791 1528 1877 differt
1566 1820 1591 1877 a
1630 1794 1682 1878 L.
1719 1789 1872 1875 falcata
1962 1781 1965 1787 ’

285 1923 511 2040 Dryand.;
552 1961 663 2048 quae
695 1955 798 2018 uota
828 1964 966 2050 quum
997 1964 1042 2020 tn
1072 1933 1216 2049 specie
1247 1935 1445 2050 proxime
1478 1930 1628 2038 affini,
1659 1955 1710 2018 ut
1737 1931 1872 2027 modo

285 2069 579 2177 ostendimus,
612 2073 676 2158 nil
705 2074 863 2179 valeat,
897 2075 1054 2161 iubae
1085 2076 1216 2162 etiam
1248 2077 1376 2162 nihili
1399 2075 1664 2162 aestimanda
1681 2073 1871 2161 videtur.

402 2246 472 2316 no.
502 2210 1017 2300 Admotumdeltoideum
1037 2217 1201 2306 Swattz
1220 2216 1264 2301 fl.
1287 2216 1378 2302 ind.
1400 2215 1540 2303 occid.
1558 2217 1632 2302 Ill.
1654 2248 1696 2333 p.
1720 2218 1842 2332 1705.

402 2352 666 2438 observatio.
708 2350 785 2440 .Et
820 2357 866 2440 in
898 2355 977 2442 hac
1007 2361 1176 2472 specie,
1209 2357 1335 2445 utin
1361 2357 1578 2446 Lindsaea
1610 2359 1868 2465 Guianensi,

159 2581 161 2588 ,
283 2492 462 2582 frondes
493 2494 752 2611 simpliciter
782 2499 987 2613 pinnatae
1020 2502 1146 2615 quasi
1176 2503 1420 2614 legitimae,
1462 2501 1713 2615 bipinnatae
1746 2504 1871 2619 quasi

285 2637 494 2723 fortuitae
537 2631 627 2723 esse
658 2639 879 2726 videntur.
938 2640 987 2724 In
1018 2644 1272 2730 universum
1304 2642 1520 2756 plurimae
1551 2640 1714 2744 filices,
1756 2672 1868 2761 quae

282 2776 514 2864 frondibus
554 2778 687 2863 modo
729 2781 863 2893 magis
903 2776 1214 2871 modofminus
1243 2782 1393 2870 divisis
1424 2784 1617 2887 variant,
1664 2781 1771 2868 duas
1803 2782 1869 2869 di·

283 2924 549 3009 versissimas
596 2923 1031 3042 legassequuntur.
1088 2923 1139 3010 ln
1183 2923 1307 3029 aliis,
1355 2945 1403 3008 ut
1442 2923 1486 3006 in
1523 2921 1779 3036 Polypodiis
1807 2947 1869 3014 ¹et

281 3065 501 3181 Aspidiis,
550 3067 681 3153 totius
721 3065 892 3153 frondis
938 3041 1292 3153 circumferentia
1328 3067 1401 3149 vix
1439 3093 1636 3181 unquam
1673 3087 1863 3172 mutata,

268 3210 416 3296 ¹variat
446 3209 702 3296 ultimarum
731 3209 994 3297 laciniarum
1024 3209 1190 3307 forma,
1223 3237 1335 3325 quae
1365 3207 1727 3318 magisminusve
1752 3208 1865 3294 iuter

278 3385 323 3440 se
356 3352 578 3440 confluere
608 3353 763 3438 solent.
823 3353 874 3438 In
907 3351 1029 3457 aliis,
1062 3372 1111 3436 ut
1141 3348 1187 3432 in
1209 3347 1408 3434 Adiantis
1439 3345 1748 3453 etLindsaeis,
1779 3379 1866 3434 ser·

277 3519 374 3582 vata
419 3494 683 3582 ultimarum
731 3493 998 3580 divisionum
1042 3493 1131 3578 sive
1179 3488 1464 3605 pinnularum
1510 3487 1679 3592 forma,
1732 3491 1862 3576 totius

275 3635 445 3722 frondis
476 3635 664 3722 ambitus
694 3665 821 3750 saepe
853 3638 1134 3736 immutatur,
1167 3630 1369 3746 pluribus
1394 3609 1628 3714 frondibus
1656 3653 1882 3745 tanquam·

277 3778 528 3864 accessoriis
569 3778 614 3878 in
658 3775 815 3860 eodem
860 3777 1026 3889 petiolo
1069 3774 1320 3886 aggregatis.
1387 3771 1511 3878 Quae
1547 3800 1652 3856 vero
1689 3769 1861 3857 frondis

276 3918 418 4002 forma
459 3903 588 3998 certis
627 3911 1005 3999 circumferentiae
1043 3912 1259 3999 limitibus
1300 3942 1391 3996 non
1427 3905 1665 4014 definitur,
1707 3939 1757 3996 ca
1788 3914 1859 3996 vix

277 4087 324 4142 ac
356 4087 410 4142 ne
440 4055 511 4143 vix
541 4052 723 4172 quidem
753 4084 834 4168 pro
865 4055 1055 4140 normali
1085 4053 1239 4142 baberi
1275 4075 1428 4169 potest.

395 4229 462 4286 21.
492 4193 731 4313 Lygodium
766 4194 953 4282 volubile
989 4198 1150 4286 Swartz
1189 4226 1361 4311 synops.
1402 4190 1507 4280 filie.
1545 4223 1639 4310 pag.
1674 4189 1767 4280 152.
1797 4239 1857 4262 -

275 4337 615 4458 Hydroglossum
642 4336 830 4426 volubile
859 4338 1021 4426 Willd.
1051 4369 1115 4456 sp.
1146 4339 1207 4455 pl.
1237 4339 1290 4425 V.
1321 4369 1415 4454 pag.
1441 4338 1507 4452 78.

836 4583 877 4670 5.
939 4584 1287 4671 Garnrunaa.

387 4799 457 4852 22.
487 4765 700 4851 Panicum
728 4757 952 4846 distichum
980 4759 1103 4845 Lam.

387 4909 525 5022 Spicis
557 4906 841 4994 inferioribus
873 4902 1047 4989 alternis
1079 4903 1281 5006 remotis,
1320 4899 1619 5014 superioribus
1642 4900 1850 5003 ,semiver-

269 5049 459 5138 ticillatis
496 5050 669 5157 setosis,
711 5046 891 5166 spiculis
927 5043 1211 5130 subsolitariis
1240 5039 1443 5130 secundis
1475 5040 1659 5154 glabris,
1679 5100 1681 5103 -
1701 5041 1844 5154 gluma
