4809 6142
576 586 662 664 808.
725 582 756 651 i.
784 579 1054 669 racemosa,
1103 569 1152 647 dc
1170 564 1340 644 asmo
1348 564 1541 667 frumenti
1558 562 1791 665 temporibus
1809 567 2093 665 antiquissimis.

579 825 624 887 ct
652 828 757 915 prae
794 791 999 883 omnibns
1034 790 1083 877 in
1108 786 1262 877 Sicilia
1305 785 1410 904 ipsis
1441 781 1718 872 Columellas
1749 782 2022 901 temporibus
2069 782 2174 871 red·

582 943 694 1030 ditas
726 940 895 1047 ceseii).

695 1082 761 1169 Er
786 1078 854 1165 his
881 1107 986 1193 ergo
1016 1073 1283 1189 argumentis
1309 1072 1410 1158 satis
1440 1090 1636 1186 apparet,
1672 1066 1721 1155 ni
1747 1065 1896 1177 fallor,
1928 1070 1974 1155 in
2005 1070 2174 1163 maiore

531 1263 534 1275 ·
580 1226 729 1313 Italiae
761 1245 892 1338 parte.
915 1248 1041 1333 agros
1075 1214 1208 1303 fuisse
1247 1212 1403 1302 diebus
1431 1211 1735 1319 columellae,
1773 1216 1982 1333 quicum
2013 1239 2175 1335 quarto

584 1366 919 1484 responderint;
946 1361 1083 1449 veluti
1105 1384 1149 1447 et
1171 1389 1222 1447 aa
1248 1357 1601 1465 loesexstisisse,
1632 1356 1679 1443 in
1705 1356 1867 1475 quibus
1886 1360 2052 1445 semina
2073 1386 2176 1445 cnm

585 1509 822 1595 centesimo
849 1503 1098 1623 etquidem
1125 1500 1256 1615 longo
1289 1501 1454 1587 maiore
1484 1498 1663 1589 faenore
1696 1501 1927 1604 redierint,
1964 1524 2009 1584 et
2032 1498 2178 1585 adbuc

584 1650 718 1738 hodie
750 1648 944 1736 redeant.

701 1794 747 1879 Si
788 1789 967 1878 tandem
995 1785 1269 1901 fertilitatem
1296 1810 1491 1899 segetum
1522 1794 1681 1875 nostris
1716 1787 1873 1877 diebus
1900 1820 2000 1879 cum
2028 1796 2180 1880 messi-

586 1938 668 2021 bus
694 1936 944 2049 priscorum
973 1959 1301 2045 comparemus,
1336 1932 1630 2043 reperiemus,
1670 1932 1780 2019 hanc
1806 1937 2052 2051 saepissime
2081 1970 2184 2025 ean·

587 2075 690 2161 dem
714 2105 803 2160 esso
826 2102 943 2158 nuuc
969 2102 1020 2157 ac
1043 2072 1150 2157 olim
1175 2076 1222 2157 in
1239 2072 1492 2182 regionibus
1514 2075 1619 2180 illis,
1643 2078 1688 2160 io
1716 2077 1877 2195 quibus
1901 2083 2066 2167 mentio
2093 2108 2183 2169 tam

590 2249 770 2329 magnae
799 2214 1018 2300 felicitatis
1042 2212 1096 2300 ab
1123 2214 1315 2329 antiquis
1340 2212 1453 2299 facta
1483 2240 1557 2303 est.
1621 2216 1774 2328 Quid?
1812 2222 1934 2337 quod
1974 2224 2019 2307 in
2063 2224 2180 2315 bisce

591 2362 695 2475 ipsis
722 2362 877 2443 nostris
902 2355 1154 2443 borealibus
1177 2357 1304 2441 terris
1327 2386 1470 2473 neque
1498 2388 1574 2443 nos
1597 2358 1708 2444 flava
1729 2362 1862 2450 Ceres
1888 2364 1975 2450 alto
2002 2367 2176 2483 olympo

589 2502 893 2622 nequidquam
917 2524 1155 2615 spectaret,
1180 2498 1259 2585 sed
1281 2498 1473 2606 easdem,
1497 2532 1603 2618 quas
1624 2504 1728 2609 illis,
1756 2502 1882 2592 nobis
1908 2540 2064 2596 messes
2090 2512 2188 2599 red-

594 2647 735 2750 deret,
757 2648 794 2729 si
815 2643 1001 2730 caudens
1028 2673 1179 2727 curam
1206 2671 1255 2725 ac
1285 2641 1575 2753 diligentiam,
1606 2676 1654 2731 ac
1680 2648 1764 2754 illi,
1794 2679 1893 2735 cum
1917 2655 2098 2739 scientia
2116 2686 2185 2742 so·

598 2791 912 2901 ciaremustt).
973 2787 1192 2903 Quisque*
1214 2786 1298 2871 sibi
1338 2789 1647 2901 experimentis
1678 2791 1860 2905 probet,
1891 2796 2056 2879 semina
2087 2800 2186 2912 plu·

595 2937 712 3019 rium
738 2962 964 3046 generum,
987 2932 1155 3045 optimo
1177 2930 1325 3019 studio
1351 2960 1400 3015 ac
1426 2934 1595 3044 optimo
1614 2930 1709 3015 solo
1729 2932 1945 3041 adhibito,
1970 2967 2070 3021 cum
2092 2970 2191 3026 cen-

598 3077 753 3162 tesimo
780 3100 824 3161 et
849 3075 988 3160 multo
1027 3077 1191 3160 maiore
1235 3074 1413 3161 foenore
1450 3071 1652 3159 reditura
1680 3104 1784 3163 esse.
1845 3077 2048 3190 Vulgaris
2083 3112 2186 3168 vero

542 3230 545 3233 ’
599 3217 747 3302 messis
770 3246 976 3327 agrorum
1006 3215 1117 3301 benc
1150 3216 1370 3300 cultorum
1398 3214 1624 3333 plerisque
1655 3218 1700 3302 in
1731 3218 1929 3332 partibus
1960 3225 2191 3333 regionum

601 3384 848 3445 nostrarum
881 3360 1052 3472 saepius
1086 3359 1284 3445 invenire
1315 3386 1543 3472 possumus
1569 3390 1658 3445 esse
1687 3359 1822 3447 bunc:
1864 3364 2060 3450 triticum
2089 3396 2191 3454 cum

603 3526 774 3605 octavo,
807 3499 1024 3586 hordeum
1053 3530 1153 3583 cum
1184 3497 1359 3586 decimo
1385 3501 1454 3586 vel
1479 3501 1903 3618 quatuor-decimo,
1933 3536 2190 3595 avenarum

604 3644 777 3729 decimo
806 3643 998 3727 faenore.
1045 3642 1095 3725 ln
1117 3640 1257 3726 Dania
1283 3670 1331 3726 ac
1354 3638 1572 3755 Norvegio
1600 3668 1643 3728 et
1666 3646 1848 3751 semina,
1877 3648 2077 3739 omnibns
2100 3650 2192 3737 diis

605 3782 910 3868 adiuvantibus
923 3843 936 3885 ,
977 3812 1078 3865 cum
1113 3784 1319 3867 vicesimo
1351 3807 1508 3901 quarto
1550 3779 1820 3902 respondisse
1861 3819 1884 3875 a
1922 3790 2069 3876 multis
2104 3788 2193 3880 lide

605 3924 749 4036 dignis
779 3923 986 4009 traditum
1017 3952 1093 4009 est.

725 4067 1103 4180 Fredcrilssbergii
1136 4066 1193 4153 ad
1218 4070 1432 4156 Havniam
1469 4071 1591 4159 1823.

666 4278 700 4350 *J
722 4275 799 4343 vid.
823 4276 889 4336 Tlrc
909 4276 1096 4357 lusbandry
1116 4276 1159 4359 os
1172 4279 1224 4339 tlrc
1246 4278 1386 4339 anclruts
1394 4333 1407 4361 ‚
1434 4280 1476 4358 by
1490 4278 1595 4341 Adam
1610 4282 1761 4344 Diclrson.
1795 4282 1868 4351 Vol.
1877 4284 1940 4359 11„
1968 4309 2092 4372 pag.97
2110 4308 2194 4372 seqq.

646 4386 699 4459 ”J
722 4381 748 4448 V
753 4382 796 4451 id.
816 4386 856 4450 A.
875 4383 1000 4465 Survcy
1016 4385 1119 4467 ostltc
1137 4388 1263 4448 ancient
1282 4386 1480 4466 laushandry,
1502 4388 1658 4452 collected
1667 4389 1760 4473 from
1776 4392 1828 4454 tlrc
1846 4408 1925 4456 most
1945 4399 2082 4458 eminent
2103 4394 2196 4458 Wri-

729 4508 791 4554 ters
810 4513 924 4572 cnroug
939 4493 991 4554 tlte
1011 4491 1130 4554 Grecis
1149 4491 1217 4553 aad
1236 4494 1372 4555 llomcns
1391 4497 1434 4574 by
1454 4496 1491 4557 R,
1510 4496 1670 4579 Bradlcy,
1695 4500 1871 4583 pag.aoli.;
1903 4504 1945 4565 cf.
1968 4503 2197 4567 dissertatiun-

730 4600 838 4661 culam
859 4620 962 4661 rocam
984 4598 1024 4663 de
1047 4598 1146 4662 variis
1166 4599 1339 4683 generibus
1361 4602 1550 4683 pabulorum
1572 4606 1789 4689 parandorum
1810 4619 1842 4673 ct
1863 4610 2197 4695 multiplicandorum,

730 4706 764 4767 in
788 4705 958 4769 annalibus
979 4722 1088 4769 rernm
1108 4707 1313 4785 rusticarum,
1337 4709 1427 4773 libris
1443 4715 1468 4772 'a
1487 4712 1576 4779 Proi.
1597 4713 1782 4777 Christiano
1803 4716 1901 4781 Olsvi
1923 4718 2029 4782 editis.
2057 4719 2201 4784 Hernica

736 4816 823 4893 1807.
867 4813 935 4877 Cir.
961 4812 1066 4896 Udtog
1080 4812 1124 4899 as
1132 4814 1260 4881 Sauciet·
1272 4837 1348 4885 over
1365 4816 1420 4881 det
1437 4817 1532 4884 Stare
1551 4842 1592 4904 og
1607 4822 1745 4887 Siliana
1763 4826 1777 4887 i
1791 4826 1936 4888 Natureu
1949 4827 2017 4889 ved
2028 4828 2058 4889 J.
2072 4826 2195 4892 Frcclr-

735 4920 835 4995 laud,
859 4944 934 5005 pag.
945 4942 1001 5004 92c

1077 5082 1719 5119 *w*
