4809 6142
551 473 622 565 79⁸
1148 460 1193 537 E.
1251 458 1578 547 Mareu„

548 684 658 767 riam
696 681 958 793 spectantia,
1004 677 1318 780 horizontalia,
1361 675 1574 777 obovata,
1615 675 1953 785 exalbuminosa.
1996 680 2135 769 ‘Em-

546 820 657 933 bryo
684 843 848 926 rectus,
882 816 1079 903 radicula
1109 817 1293 917 minuta,
1327 814 1482 899 infera.
1758 928 1768 945 ,

660 960 875 1063 Plantam,
908 958 1041 1045 modo
1072 934 1352 1072 descriptam,
1385 986 1465 1041 nec
1485 957 1793 1077 Melastomatis
1820 963 1907 1049 sire
1929 964 2132 1052 Stoman-

548 1104 670 1209 drae,
706 1131 786 1188 nec
815 1098 1026 1187 Blackeae
1054 1101 1175 1184 Patr.
1200 1099 1373 1183 Brown.
1404 1128 1495 1183 esse
1525 1107 1740 1213 speciem,
1772 1101 1900 1189 sacile
1933 1133 2128 1221 apparet.

497 1228 499 1231 ’
546 1240 737 1327 Affinior
786 1267 850 1327 est
883 1238 1092 1326 Bluckeae
1129 1237 1256 1321 Auhl.
1317 1236 1459 1346 Quod
1500 1268 1655 1349 genus,
1697 1271 1834 1355 quum
1877 1274 1901 1329 a
1941 1246 2131 1333 Blackea

545 1384 659 1469 Patr.
690 1383 861 1471 Brown·
896 1382 1026 1493 ¹longe
1068 1379 1292 1464 diversum
1332 1400 1417 1480 est,
1458 1380 1543 1463 alio
1585 1380 1763 1466 nomine
1794 1380 1949 1468 donari
1981 1365 2128 1474 debet.

544 1524 634 1612 Nec
660 1556 837 1639 prorsus
867 1553 1018 1636 negari
1046 1544 1186 1636 potest
1217 1515 1403 1605 affinitas
1434 1518 1580 1637 aliqua
1619 1543 1788 1606 nostrae
1819 1524 1989 1636 plantae
2024 1548 2139 1613 cum·

546 1667 851 1753 Melattomate
891 1670 1184 1753 arboresccnte
1230 1663 1361 1750 Aubl.
1402 1686 1447 1747 et
1485 1692 1657 1747 succoso
1699 1662 1867 1771 Auhl.,
1916 1697 2026 1783 quae
2068 1702 2126 1755 an

545 1808 741 1894 eiusdem
771 1813 938 1922 generis
968 1814 1078 1914 sint,
1125 1802 1441 1925 inquirendum
1472 1827 1548 1891 est.
1621 1789 1625 1797 ¹

665 1950 734 2037 85.
765 1952 934 2036 Rhes‘ia
969 1936 1170 2070 aquatica
1209 1949 1382 2035 Swartz.
1421 1944 1513 2029 ind.
1555 1944 1694 2028 occid.
1729 1944 1780 2028 ΙΙ.
1823 1950 1916 2059 pag.
1945 1948 2041 2035 650.
2064 1998 2127 2017 ·-

531 2092 809 2205 Melattoma
837 2098 1072 2211 aquatica?
1102 2092 1231 2177 Auhl.
1266 2090 1408 2201 guian.
1432 2086 1464 2171 Ι.
1496 2115 1588 2197 pag.
1609 2086 1709 2187 430.
1743 2085 1828 2170 tab.
1858 2089 1959 2205 169.¹

663 2231 790 2317 Folia
834 2234 878 2314 in
921 2234 1029 2317 meis
1068 2228 1379 2346 speciminibus
1417 2226 1793 2343 quinquenervia,
1841 2256 1940 2311 curn
1980 2235 2125 2344 nerris

548 2371 796 2455 accessoriis
828 2369 1163 2485 marginalibus,
1197 2366 1433 2451 dimidium
1463 2365 1618 2450 lolium
1651 2366 1722 2450 vix
1748 2371 2121 2479 percurrentibus,

547 2514 754 2626 utrinque
800 2509 958 2620 glabra.
1011 2509 1223 2594 ⁴Partium
1267 2536 1475 2593 numerus
1515 2507 1560 2589 in
1602 2506 1710 2591 flore
1751 2507 1985 2626 fructuque
2024 2542 2125 2597 con-

545 2673 705 2760 stanter
736 2650 1051 2766 quaternarius.
1113 2648 1329 2733 Antherae
1361 2648 1455 2733 basi
1486 2670 1730 2731 antrorsum
1763 2648 1988 2755 bicornes,
2022 2681 2123 2736 cor-

547 2789 689 2875 nubus
727 2788 1105 2874 adscendentibus.
1177 2789 1340 2901 Stigma
1370 2790 1585 2875 obtusum.
1651 2788 1949 2903 Pericarpium
1982 2793 2119 2905 calyci

546 2927 888 3033 semiadnatum,
937 2930 1059 3045 apice
1089 2932 1489 3033 subtetracoccum,
1536 2929 1721 3040 fragile,
1769 2945 2122 3044 p'rorsusexsuc-

547 3103 675 3179 cum3
707 3071 993 3159 nibilominus
1018 3100 1072 3155 ne
1105 3070 1298 3156 dehiscat
1326 3070 1505 3175 dubito,
1538 3101 1684 3187 quum
1707 3072 1753 3154 in
1785 3074 1892 3155 meis
1922 3077 2121 3189 specimi-

546 3210 702 3312 nibus,
743 3209 983 3321 scminibus
1020 3240 1197 3323 prorsus
1228 3211 1433 3315 maturis,
1473 3240 1525 3297 ne
1560 3211 1792 3295 levissimas
1824 3213 2003 3327 quidem
2034 3216 2123 3300 val·

545 3351 747 3456 rolatum
789 3376 959 3435 suturas
998 3350 1199 3462 detegere
1240 3351 1378 3437 licuit.
1440 3351 1549 3461 Styli
1581 3351 1741 3435 deiecti
1773 3356 1951 3439 cicatrix
1980 3358 2123 3441 minu-

548 3493 709 3599 tissime
741 3491 1025 3575 tuberculata.
1086 3492 1313 3579 Placentae
1349 3491 1723 3601 longitudinaliter
1761 3492 1965 3597 adnatae,
2008 3525 2121 3579 cras-

548 3663 645 3737 sae,
676 3633 1004 3735 tuberculatae,
1038 3632 1352 3746 dissepimentis
1384 3654 1474 3717 arte
1505 3637 1681 3715 remotis
1714 3634 2016 3718 constituentes
2047 3666 2120 3720 co·

547 3773 772 3860 lumellam
806 3772 1040 3885 oblongam
1077 3796 1370 3886 tetragonam,
1420 3771 1585 3881 angulis
1625 3771 1945 3877 canaliculatis,
1996 3805 2120 3879 cana-

548 3913 691 3998 liculis
722 3912 1131 4027 dissepimentorum
1165 3913 1393 3998 insertioni
1429 3914 1775 3998 inservientibus.
1860 3934 1863 3940 ’
1934 3952 1942 3964 ’
2039 3917 2040 3923 ‘

667 4055 930 4139 Observatio.
991 4056 1079 4138 Aut
1115 4056 1276 4167 species
1307 4050 1492 4139 mirilice
1530 4053 1667 4154 ludit,
1708 4076 1781 4137 aut
1820 4054 1927 4141 duas
1957 4062 2119 4171 species

548 4197 602 4283 cl.
638 4194 801 4281 Suartz
841 4193 1055 4280 confudit.
1114 4194 1224 4280 Nam
1256 4193 1484 4278 Aubletius
1515 4192 1684 4305 plantae
1714 4224 1814 4278 sure
1854 4193 1961 4279 solia
1991 4228 2119 4310 supra

548 4336 737 4439 hirsuta,
779 4365 1100 4451 numerumque
1135 4334 1333 4449 partium
1372 4333 1623 4448 quinarium
1654 4331 1821 4415 tribuit.
1883 4312 2025 4443 Quem
2056 4314 2120 4419 sc·

548 4459 672 4561 cutus
701 4477 862 4563 Suartz
891 4476 998 4562 folia
1027 4500 1193 4560 tantum
1225 4472 1556 4576 hirsutiuscula,
1592 4493 1634 4553 at
1669 4500 1900 4557 numerum
1929 4475 2118 4588 partium

546 4614 802 4699 variabilem
834 4643 950 4709 esse,
995 4613 1233 4699 contendit.

648 4756 733 4841 -86,
763 4754 930 4847 Rhexia
957 4752 1244 4867 hypericoidcs
1271 4754 1433 4841 Willd.

657 4894 960 5000 Villosissima,
990 4894 1117 5005 loliis
1136 4896 1335 5009 oblongis
1367 4898 1501 4983 acutis
1533 4884 1823 5007 integerrimis
1848 4895 2022 4985 brevius
2048 4926 2120 5011 pe·
