4809 6142
806 601 965 676 Plumae
997 593 1295 672 Surinamcnaes.
1781 593 1855 677 787

258 849 501 915 retrorsum
528 821 792 938 asperrima,
836 818 1010 932 glabra,
1048 846 1180 980 supra
1211 811 1403 919 viridia,
1444 809 1594 900 subtus
1622 839 1853 898 canescen-

259 968 347 1072 tia,
388 961 809 1065 subnovemnervia,
851 991 988 1046 nervo
1015 961 1226 1077 venisque
1261 954 1593 1042 rufescentibus.
1656 931 1851 1069 Stipulae

239 1102 426 1192 'fissae
414 1111 460 1187 tn
495 1126 605 1188 setas
641 1102 849 1216 utrinque
880 1123 1045 1217 septem
1077 1099 1133 1184 ad
1165 1099 1404 1202 undecim,
1448 1096 1555 1181 duas
1587 1096 1681 1183 fere
1716 1099 1852 1182 lineas
2021 1176 2027 1189 ,

260 1246 435 1358 longas,
479 1241 535 1328 ad
565 1243 726 1328 lentem
753 1240 946 1328 breviter
981 1243 1162 1326 ciliatas.
1224 1241 1376 1325 Flores
1408 1239 1631 1344 axillares‚
1664 1239 1850 1344 sessiles,

258 1389 604 1477 subverticillati.
652 1385 790 1499 Calyx
811 1385 1115 1497 irregulariter
1136 1381 1409 1502 quadri-vel
1430 1381 1851 1499 quinquedentatus,

261 1528 467 1615 dentibus
509 1557 626 1612 nunc
667 1525 947 1644 aequalibus,
989 1539 1117 1610 nunc·
1145 1524 1318 1611 duobus
1353 1524 1677 1611 collateralibus
1714 1523 1855 1610 multo

261 1670 531 1774 minoribus,
578 1668 843 1783 hispidulis‚
880 1668 981 1783 pilis
1013 1669 1196 1773 erectis,
1243 1668 1336 1754 basi
1369 1670 1548 1782 stipatus
1579 1666 1681 1781 pilis
1708 1666 1853 1781 ipsum

260 1813 354 1900 fere
389 1812 689 1928 aequantibus.
761 1811 970 1898 Corollae
1001 1797 1130 1898 tubus
1161 1813 1320 1925 calycis
1354 1810 1558 1898 dentibus
1589 1809 1726 1925 duplo
1758 1810 1857 1896 lon·

263 1959 381 2068 gior3
413 1955 542 2039 limbi
573 1954 758 2041 laciniae
786 1955 998 2059 lineares,
1032 1953 1229 2058 obtusae,
1262 1951 1712 2040 ciliato-fimbriatae.
1764 1953 1856 2039 Sta·

262 2097 383 2180 mina
409 2097 455 2178 in
483 2096 590 2181 meis
615 2094 928 2208 speciminibus
960 2120 1148 2199 exserta,
1191 2097 1466 2206 longitndine
1501 2095 1683 2180 lacinias
1714 2096 1856 2181 corol-

262 2239 330 2324 lae
357 2238 703 2353 subaequantia‚
744 2235 823 2320 sed
851 2261 1006 2322 erecta.
1070 2238 1215 2349 Stylus
1250 2240 1433 2323 stamina
1468 2268 1673 2355 aequans.
1733 2237 1856 2324 Peri·

263 2384 459 2494 carpium
487 2379 647 2492 calycis
671 2377 874 2464 dentibus
900 2377 1161 2464 oblitteratis
1188 2404 1463 2485 coronatum,
1495 2381 1598 2493 pilis
1626 2383 1713 2465 iam
1735 2409 1855 2464 nunc

261 2521 568 2636 patentissimis
590 2520 771 2624 hirtum,
795 2520 989 2634 perfecte
1011 2519 1272 2625 biloculare,
1292 2553 1380 2606 000
1399 2521 1643 2626 dehiscens,
1666 2523 1837 2633 fragile.

387 2661 630 2747 Obstat-vatio
660 2661 697 2745 I.
759 2661 1041 2775 Spermacoce
1069 2657 1245 2744 Radnla
1281 2659 1445 2748 Willd.
1481 2660 1599 2778 apud
1626 2659 1778 2746 Roem.
1810 2685 1854 2748 et

265 2803 428 2894 Schult.
460 2828 560 2918 syst.
590 2828 726 2920 veget.
754 2805 829 2889 lll.
861 2833 957 2919 pag.
981 2803 1077 2890 513.
1110 2803 1264 2891 eadem
1301 2835 1350 2890 ac
1385 2827 1534 2890 nostra
1564 2835 1655 2892 esse
1684 2790 1852 2920 possets

266 2976 320 3032 an
350 2976 455 3032 vero
486 2947 565 3053 sit,
607 2978 658 3031 ex
690 2945 781 3030 sola
813 2945 1010 3059 diagnosi
1041 2976 1180 3064 eaque
1212 2976 1366 3031 manca
1402 2944 1593 3064 divinari
1623 2950 1792 3062 nequit.

385 3089 634 3175 observatio
665 3087 725 3172 II.
796 3090 989 3175 Stamina
1037 3088 1171 3174 modo
1220 3090 1385 3175 inclusa
1430 3089 1565 3173 modo
1602 3114 1768 3175 exserta
1806 3091 1852 3173 in

264 3231 519 3336 Rubiaceis,
559 3262 757 3351 aeque
742 3261 789 3317 ac
832 3237 875 3315 in
907 3232 1219 3334 Primulaceis‚
1260 3230 1453 3315 Labiatis
1491 3254 1534 3315 et
1562 3230 1854 3337 Valerianeis,

263 3403 352 3508 non
387 3374 578 3460 diversas
614 3376 777 3490 species
814 3375 893 3460 sed
921 3375 1089 3488 plantas
1120 3371 1176 3456 ad
1208 3371 1436 3458 dicliniam
1471 3403 1706 3488 propensas
1738 3371 1854 3458 indi-

263 3545 360 3603 care
393 3516 615 3604 videntur.
1910 3491 1917 3511 .

381 3690 448 3775 70.
439 3659 861 3774 .Coccoeypsilum
870 3662 1098 3747 Tentanea
1128 3659 1291 3746 Humb.
1322 3657 1480 3776 Bonpl.
1513 3683 1557 3748 et
1585 3659 1773 3747 Kunth.

382 3800 521 3888 Caule
554 3799 770 3885 herbaceo
806 3826 1011 3914 repente,
1051 3802 1168 3887 loliis
1205 3804 1372 3905 oratis,
1421 3802 1624 3915 capitulis
1664 3802 1857 3889 axillati·

265 3941 347 4026 bus
378 3939 585 4023 solitariis
611 3939 740 4049 longe
771 3937 1090 4054 peduncnlatis.

328 4083 556 4168 Tentanea
588 4079 845 4168 Gatianensis
875 4083 1005 4168 Aubl.
1037 4083 1181 4196 guian.
1211 4084 1244 4168 l.
1275 4113 1369 4198 pag.
1399 4084 1491 4172 108.
1524 4083 1610 4170 tab.
1631 4087 1702 4188 da.

322 4222 543 4311 Bellardia
576 4255 725 4340 repens
753 4223 916 4312 Willd.
938 4257 1000 4341 sp.
1021 4228 1078 4341 pl.
1104 4227 1157 4311 ll.
1189 4255 1285 4340 pag.
1307 4229 1406 4311 626.
1451 4225 1602 4314 Roem.
1624 4251 1668 4312 et
1687 4226 1854 4314 Schult.

442 4391 541 4480 syst.
569 4399 660 4479 veg.
683 4368 756 4453 lll.
788 4401 883 4484 pag.
907 4367 1004 4454 205.
1036 4370 1162 4482 (excl.
1194 4400 1286 4481 syn.
1317 4368 1432 4454 Patr.
1463 4365 1660 4485 Brown.)

325 4506 534 4598 Condalio
563 4540 712 4622 repens
741 4511 860 4596 Ruiz.
894 4537 936 4599 et
962 4512 1123 4597 Pavon.
1155 4543 1308 4627 peruv.
1332 4491 1492 4628 lfpag.
1516 4514 1584 4616 54.
1617 4513 1703 4600 tab.
1725 4512 1798 4616 84.

326 4650 675 4764 Coccocypsilum
710 4650 920 4739 Condalio
949 4655 1068 4742 Pers.
1099 4657 1331 4770 synopsi.
1363 4686 1459 4770 pag.
1487 4657 1581 4741 132.

275 4839 286 4850 -
326 4790 373 4874 0.
409 4791 686 4876 umbellatum
711 4791 829 4878 Poir.
862 4796 1028 4908 encycl.
1060 4799 1201 4912 suppl.
1223 4798 1277 4882 ll.
1306 4829 1402 4913 pag.
1426 4800 1525 4911 307.

327 4929 374 5016 C.
412 4929 640 5017 Tentanea
676 4933 839 5019 Humb.
861 4935 1017 5055 Bonpl.
1038 4939 1258 5028 etlluntb.
1281 4972 1380 5028 nov.
1402 4972 1497 5054 gen.
1523 4942 1597 5030 llI.
1633 4971 1728 5058 pag.
1749 4941 1852 5044 406.

279 5148 283 5156 ,
439 5076 548 5188 Syn.
564 5075 638 5162 Ill.
670 5108 765 5193 pag.
784 5077 853 5165 56.

1385 5234 1463 5308 100
