4809 6142
515 590 586 685 ¹rie
602 588 778 663 ubertum
792 590 982 684 [ΓΜ
1000 588 1237 688 temporibus
1262 591 1543 687 amiqutoimtr.
1760 594 1837 674 8⁶7

243 838 396 897 manos
424 806 609 895 luxuriis
634 837 686 893 ec
713 807 1012 922 voluptatibus
1035 804 1214 917 deditos
1241 806 1515 925 temporibus
1548 805 1631 912 his,
1665 805 1721 893 de
1746 811 1840 924 qui·
1909 848 1939 869 ··

242 952 326 1039 bus
354 949 423 1034 hic
454 980 600 1035 sermo
629 973 717 1057 est,
752 949 866 1037 forte
898 951 1044 1038 viret
1075 982 1132 1039 ne
1163 956 1236 1038 vix
1265 950 1449 1069 quidem
1479 950 1697 1036 sumtibus
1723 980 1842 1062 agro·

245 1124 345 1182 rum
374 1092 489 1177 bene
518 1091 809 1179 colendorum
843 1094 1095 1180 necessariis
1128 1094 1336 1208 pecunias
1364 1091 1646 1209 suppeditare
1678 1094 1843 1207 potuis·¹

245 1268 315 1341 se,
353 1259 396 1323 ct
437 1266 492 1322 eo
528 1236 701 1341 minus,
745 1265 847 1321 cum
885 1236 1059 1321 domini
1090 1236 1539 1321 villarumimmensa
1579 1232 1840 1350 etquidem

247 1381 535 1467 transmarina
567 1409 670 1464 rura
704 1376 1006 1493 possederint,
1047 1408 1159 1495 quae
1196 1378 1311 1463 male
1341 1377 1458 1463 culta
1493 1400 1660 1463 sumtus
1697 1406 1843 1463 remu·

248 1555 405 1611 nerare
447 1520 568 1607 haud
610 1520 891 1606 suffeceram.
952 1519 1055 1631 Quo
1090 1521 1135 1601 in
1176 1548 1370 1630 genere,
1422 1518 1639 1604 referente
1676 1514 1842 1621 Plinio,

248 1667 447 1751 censoria
490 1666 712 1777 castigatio
752 1683 878 1767 erut,
929 1662 1073 1746 miuus
1120 1691 1272 1767 arare,
1316 1690 1449 1778 quam
1486 1689 1691 1769 verrere;
1729 1682 1774 1745 et
1806 1662 1843 1743 si

124 1850 129 1859 ·
248 1790 746 1937 rerumxconfiteamun
782 1802 1018 1891 latifundia
1042 1801 1281 1922 perdidere
1308 1803 1506 1913 Italiam3
1550 1808 1638 1889 iam
1669 1832 1774 1891 vero
1802 1826 1845 1889 et

244 1949 509 2067 provincias.
559 1948 643 2034 Sex
668 1946 840 2033 domini
865 1946 1090 2033 semissem
1115 1945 1292 2035 Africae
1318 1944 1618 2063 possidebant,
1651 1975 1750 2033 cum
1781 1945 1847 2029 in·

196 2090 204 2100 ’
251 2089 425 2177 terfecit
459 2117 534 2175 eos
558 2084 677 2176 Nero
712 2088 920 2202 princeps
936 2086 996 2194 ⁴¹¹).
1056 2086 1166 2177 Nam
1193 2092 1274 2207 qui
1300 2089 1564 2207 longinqua,
1604 2120 1660 2177 ne
1697 2087 1843 2173 dicam
1943 2117 1946 2128 ·

248 2232 563 2329 transmarina,
608 2256 712 2339 rura
759 2251 1038 2330 mercantur,
1082 2230 1205 2313 velut
1242 2226 1532 2332 haeredibus,
1575 2230 1844 2343 patrimonio

246 2400 345 2474 auo,
377 2393 421 2457 et
445 2366 571 2485 quod
600 2367 774 2481 gravius
800 2390 881 2471 est,
907 2367 998 2454 vivi
1024 2366 1188 2453 cedunt
1209 2370 1345 2456 servis
1369 2370 1487 2477 suis3
1519 2371 1730 2487 quoniam
1751 2373 1847 2488 qui·

232 2512 353 2613 „dem
388 2536 433 2597 et
469 2511 537 2603 illi
574 2532 659 2595 tam
692 2508 823 2622 longa
857 2509 1142 2595 dominorum
1179 2508 1385 2597 distantia
1422 2533 1769 2625 corrumpuntur
1801 2534 1846 2595 et
1967 2592 1972 2607 ,

249 2654 449 2768 corrupti
472 2674 571 2766 post
591 2649 774 2762 flagitia,
801 2677 924 2766 quae
941 2650 1275 2755 commiserunt,
1302 2648 1384 2736 sub
1406 2655 1723 2767 exspectatione
1750 2680 1846 2737 suc·

171 2884 178 2889 ,
250 2821 496 2899 cestorum,
530 2792 696 2907 rapinis
726 2790 889 2903 magis,
919 2820 1053 2908 quam
1084 2793 1284 2877 culturae
1314 2790 1491 2878 student
1509 2788 1623 2910 *ipe
1755 2902 1758 2909 .

363 2934 458 3023 Nec
483 2964 618 3050 porro
641 2930 962 3037 omittendum,
994 2957 1220 3018 auctorem
1246 2957 1443 3019 nostrum
1469 2935 1842 3049 comparationem

246 3075 365 3167 inter
393 3074 587 3166 reditum
615 3078 845 3164 'vinearum
865 3104 1161 3194 agrorumque
1179 3073 1572 3163 frumentariorum
1597 3076 1842 3184 instituere,
1944 3180 1945 3185 p
2075 3166 2077 3171 ,

249 3246 295 3311 et
318 3220 498 3308 illarum
526 3248 617 3307 esse
648 3216 905 3305 uberiorem
935 3241 1179 3322 monstrare
1201 3218 1370 3303 conari.
1411 3216 1608 3330 Quodsi
1635 3249 1739 3308 vero
1765 3219 1842 3305 de-

187 3380 192 3386 ’
249 3365 366 3449 cirno
397 3384 558 3479 quarto
586 3360 729 3473 legas,
759 3360 952 3474 pretium
978 3390 1100 3471 agro,
1129 3346 1348 3471 segetibus
1374 3343 1560 3465 consito,
1592 3361 1719 3475 longe
1753 3392 1843 3447 ma-

249 3506 336 3611 ius,
368 3535 503 3621 quam
529 3504 687 3607 vineis,
718 3532 771 3587 ex
803 3501 1045 3587 rationibus
1073 3487 1161 3586 suis
1187 3503 1324 3615 ipsius
1350 3500 1450 3595 loco
1475 3504 1606 3588 citato
1636 3526 1845 3589 statueret

107 3726 113 3731 .
250 3645 527 3760 Columella5
556 3673 659 3729 cum
684 3674 710 3728 e
735 3644 958 3730 contrario
990 3642 1039 3728 id
1069 3665 1188 3753 agat,
1221 3666 1270 3729 nt
1292 3643 1524 3748 ostendat,
1562 3642 1679 3729 illud
1703 3622 1845 3732 multo

250 3791 396 3877 minus
421 3776 512 3871 esre
526 3846 541 3886 ,
574 3784 624 3869 id
648 3781 773 3900 quod
798 3784 844 3867 in
872 3811 1000 3869 causa
1030 3812 1210 3899 quoque
1243 3784 1513 3869 censendum
1539 3807 1618 3889 est,
1650 3816 1730 3873 cnr
1755 3810 1844 3873 tam

251 3932 468 4041 exiguam,
494 3954 546 4009 ac
572 3920 672 4009 fieri
696 3924 858 4037 possit,
886 3923 1304 4009 messem-frumenti
1330 3946 1476 4039 ponat.
1538 3924 1623 4011 Hic
1648 3925 1844 4046 denique

253 4066 579 4159 observandum
609 4088 699 4171 est,
733 4066 1001 4153 mentionem
1024 4063 1239 4153 frumenti
1265 4096 1354 4151 non
1381 4068 1426 4151 in
1453 4086 1570 4173 tota,
1596 4066 1675 4155 s'ed
1697 4070 1842 4155 solum

252 4215 300 4300 in
330 4211 499 4297 maiore
529 4231 654 4327 parte
685 4207 835 4296 Italiae
866 4207 1044 4318 fecisse3
1076 4209 1266 4297 maiores
1289 4209 1439 4327 itaque
1470 4239 1628 4297 messes
1651 4234 1844 4324 segetum
1884 4326 1886 4331 Ι

253 4356 303 4445 in
318 4352 519 4459 Etruria,
544 4350 805 4475 Campania,
831 4351 929 4439 aliis
942 4349 1245 4443 Romanorum
1268 4351 1521 4466 regionibus
1542 4352 1840 4459 fertilissimis,

255 4597 544 4619 β

315 4718 456 4796 nette.
470 4718 547 4786 hist.
565 4726 630 4785 nat.
642 4716 784 4797 xvttt„
811 4736 881 4804 etp.
891 4716 922 4783 6.
970 4716 1119 4785 sentiscit
1146 4718 1279 4785 mrim
1299 4729 1360 4786 etc
1390 4720 1588 4809 Zangitenee
1608 4723 1770 4808 regionis,
1801 4722 1844 4787 de

376 4848 443 4913 qut
454 4825 582 4891 dictum
598 4834 649 4891 ert
666 4825 725 4893 fib.
735 4822 777 4889 V.
798 4846 868 4911 cap.
878 4826 922 4905 5.,
942 4846 962 4889 c
978 4824 1131 4893 amni·
1150 4836 1231 4893 tnnc
1244 4828 1400 4914 temporis
1418 4850 1574 4915 portent,
1586 4830 1650 4909 doe
1664 4831 1715 4896 rel
1729 4831 1845 4895 saltent

378 4956 442 5002 noo
461 4930 615 4998 milliaria
635 4931 838 4998 mutumne

296 5068 351 5143 ’ἢ
368 5065 442 5133 Col.
462 5061 567 5145 titt,
584 5081 657 5151 etp.
670 5062 716 5145 1.,
737 5082 789 5128 eo.

1385 5178 1460 5254 tro
