4809 6142
836 577 996 651 Plantae
1028 574 1324 653 Srrrinomonses.
1787 580 1860 661 801

402 786 568 902 Speciei
603 786 839 904 descriptio.
899 790 1026 879 ttamt
1055 791 1240 905 lignosi,
1273 789 1570 898 teretiusculi,
1610 793 1772 881 cortice
1804 796 1864 883 ei·

282 912 563 1034 nerascente}
605 950 656 1017 ut
686 952 774 1016 tota
792 931 950 1045 -planta
979 931 1142 1044 glabra.
1201 933 1377 1021 Remuli
1407 934 1722 1049 approximati‚
1755 964 1862 1056 qua·

279 1064 584 1179 drangulares,
626 1069 702 1153 alii
731 1072 897 1178 stricti,
940 1073 1018 1159 elii
1047 1074 1166 1160 varie
1197 1072 1311 1159 flexi.
1371 1074 1499 1160 Folia
1529 1080 1754 1191 opposita,
1786 1077 1863 1164 de·

282 1233 470 1314 russata,
510 1209 791 1325 exstipuleta,
822 1211 1092 1321 subsessilia,
1126 1214 1640 1321 comitant-oboram,
1680 1220 1865 1305 obtusis·

276 1351 413 1456 rima,
441 1350 497 1437 ad
521 1352 682 1440 lentem
712 1351 968 1469 brevissime
997 1357 1325 1479 mucronulata,
1357 1356 1586 1471 pollicaria
1611 1359 1680 1445 vel
1706 1388 1864 1474 parum

280 1493 504 1605 longiora,
533 1524 720 1610 superne
750 1477 943 1615 quatuor
971 1497 1110 1584 lineas
1140 1497 1249 1602 lata,
1282 1501 1577 1612 integerrima,
1610 1490 1764 1586 nitoris
1794 1534 1863 1588 ex·

276 1626 433 1751 pertia.
492 1636 738 1726 Pedunculi
766 1642 937 1757 saepius
968 1640 1147 1725 nnillori
1178 1640 1226 1723 in
1258 1640 1381 1753 apice
1414 1640 1686 1727 ramulorum
1718 1642 1866 1745 axilla-

279 1805 374 1880 res‚
415 1806 571 1893 parurn
602 1778 715 1864 infra
749 1778 906 1867 florem
945 1778 1233 1889 bibracteati3
1277 1782 1417 1867 rarius
1459 1784 1731 1896 exipsorum
1764 1781 1864 1867 bra·
1947 1812 1959 1833 ⁴

280 1939 475 2005 etearum
512 1920 651 2005 axillis
688 1900 860 2009 aceedit
893 1921 1136 2038 pedicellus
1167 1953 1280 2007 nnus
1315 1923 1385 2009 vel
1418 1923 1526 2009 alter
1557 1922 1860 2027 brevissimus,

280 2058 467 2146 bracteis
503 2061 584 2146 sub
624 2060 806 2147 floribus
846 2087 949 2148 tunc
988 2063 1135 2149 nullis.
1210 2050 1348 2174 Calyx
1386 2059 1494 2146 tubo
1531 2060 1753 2146 urceolato
1792 2090 1863 2145 ro·

278 2198 443 2306 tundo,
485 2202 623 2288 limbo
653 2225 750 2289 ante
784 2203 981 2289 anthesin
1012 2226 1263 2313 tetragono,
1309 2203 1412 2287 dein
1448 2223 1647 2315 patente,
1691 2200 1863 2286 laciniis

279 2342 512 2431 deltoideis
548 2326 832 2428 'mucronatis
903 2343 1050 2431 Petala
1090 2344 1223 2430 breve
1266 2344 1566 2458 unguiculata‚
1614 2343 1761 2457 calyce
1792 2374 1866 2459 pa-

280 2516 378 2571 rum
413 2480 624 2597 longiora.
685 2484 877 2570 Stamina
911 2488 1065 2599 petalis
1096 2484 1315 2571 breviora.
1374 2482 1592 2569 Antherae
1623 2482 1758 2567 thecis
1787 2510 1864 2596 pa-

279 2655 378 2711 rum
409 2623 750 2735 divergentibus,
779 2625 871 2709 basi
895 2631 1198 2740 emarginatae.
1246 2628 1390 2739 Stylus
1419 2624 1674 2711 staminibus
1705 2654 1863 2739 parum

279 2764 465 2879 longior.
527 2764 714 2877 Capsula
745 2762 1042 2876 magnitudine
1072 2769 1157 2882 pisi
1187 2768 1439 2854 mediocris.

359 3015 368 3025 ,
399 2905 650 2992 observatio
680 2902 716 2988 Ι.
777 2906 996 2994 Linnaeus
1022 2906 1138 2995 filius
1169 2907 1376 3011 inhuius
1407 2906 1577 3018 generis
1609 2903 1860 2993 charactere

281 3044 500 3145 essentiali
524 3045 737 3130 corollam
767 3045 1097 3161 pentapetalam,
1118 3046 1257 3152 dixit,
1289 3045 1413 3163 quod
1444 3068 1560 3130 certe
1591 3045 1655 3130 nil
1685 3046 1769 3130 nisi
1799 3051 1862 3131 vi·

279 3188 391 3272 tium
415 3184 660 3290 scribendi,
691 3215 830 3303 quum
857 3216 958 3272 mox
986 3189 1033 3274 in
1063 3190 1310 3276 charactere
1341 3188 1531 3273 naturali
1563 3187 1722 3273 rectius
1751 3184 1864 3273 dixit
1897 3300 1903 3315 ·

279 3327 423 3443 petala
447 3351 651 3445 quatuor.
711 3327 1057 3444 Hinmdeceptus
1087 3332 1141 3415 cl.
1169 3329 1446 3441 Willdenow
1470 3356 1661 3443 eumque
1688 3348 1861 3412 secutus

278 3469 488 3573 Persoon‚
522 3499 711 3585 quorum
737 3492 944 3557 nentrum
975 3470 1167 3584 plantam
1198 3468 1353 3555 vidisse
1373 3468 1586 3580 suspicor,
1619 3465 1860 3591 nonumodo

278 3607 420 3724 petala
456 3608 657 3726 quinque
702 3608 780 3693 sed
823 3612 955 3695 etiam
1001 3612 1193 3725 calycem
1231 3604 1571 3735 quinquefidum
1608 3608 1652 3693 ei
1697 3605 1862 3695 tribue·

278 3769 409 3851 runt,
450 3748 651 3861 quamvis
681 3748 771 3858 ipse
811 3748 864 3831 cl.
901 3748 1177 3836 Willdenow
1206 3750 1250 3831 in
1283 3748 1453 3835 adiecta
1477 3748 1663 3831 Linnaei
1697 3745 1862 3832 descri-

276 3888 427 3998 ptione
472 3887 665 3995 calycem
709 3884 1071 3999 quadriralvem‚
1129 3911 1172 3971 et
1214 3887 1261 3970 in
1297 3916 1509 3997 generum
1548 3883 1861 3970 dodecandro-

278 4055 378 4110 rom
418 4048 652 4140 conspectu
694 4025 888 4138 calycenr
929 4022 1228 4144 quadrifidum
1242 4088 1256 4132 ,
1306 4027 1521 4113 corollam
1562 4024 1858 4139 tetrapetalana

227 4162 452 4251 'dixerit

398 4306 652 4394 obse-vario
683 4309 743 4395 ΙΙ.
814 4312 908 4425 lpse
945 4314 1164 4399 Linnaons
1192 4305 1310 4395 filius
1338 4310 1504 4395 erravit
1534 4308 1577 4390 in
1607 4334 1693 4410 eo,
1733 4305 1859 4423 quod

277 4449 459 4532 stamina
490 4452 763 4561 receptaculo
793 4454 952 4537 inserta
977 4453 1114 4557 dixit,
1146 4478 1257 4568 quae
1289 4448 1470 4531 omnino
1501 4445 1709 4559 perigyna
1738 4468 1855 4551 sunt,

279 4588 389 4672 licet'
412 4587 649 4673 decurrant
680 4592 803 4707 quasi
832 4589 1053 4679 filamenta
1082 4592 1140 4679 ad
1170 4595 1315 4706 ipsum
1346 4585 1671 4702 receptaculum
1697 4574 1854 4703 usque,

279 4727 471 4847 ideoque
513 4761 590 4817 nos
627 4731 814 4818 doceant
855 4759 948 4819 tum
988 4764 1136 4822 veram
1170 4733 1315 4818 omnis
1351 4724 1602 4845 perlgyniae
1635 4750 1853 4837 naturam,
1889 4828 1898 4847 Ι

279 4890 373 4954 tum
399 4874 607 4983 exiguum
638 4875 730 4957 eiua
759 4874 966 4960 valorem.
1280 4879 1286 4891 '
1341 4978 1345 4985 .

395 5010 648 5101 observatio
684 5012 795 5135 ΙΙΙ.θ
842 5014 1019 5103 Erravit
1058 5010 1179 5100 idem
1223 5009 1279 5097 el.
1315 5028 1469 5115 auctor
1510 5007 1556 5091 in
1593 5034 1684 5111 eo,
1730 5006 1852 5124 quod
