4809 6142
39 761 43 813 l

524 558 573 629 de
596 555 768 630 nieme
779 556 969 651 frumenti
991 552 1224 651 temporibus
1245 554 1530 651 antiquissimis.
1746 561 1823 639 361

234 798 317 858 rem
344 774 488 885 spicae
520 774 677 860 melius
711 770 899 858 fustibus
929 770 1202 878 tunduntur,
1243 771 1487 889 vannisque
1515 792 1822 887 expurgantur.

231 916 289 999 Ar
326 915 404 1001 ubi
443 916 581 1032 paleis
615 918 812 1003 immista
840 938 942 1001 suut
971 913 1219 1017 frumenta,
1261 936 1391 999 vento
1421 937 1691 1027 separentur.
1753 912 1824 997 Ad

232 1086 327 1141 eam
355 1088 447 1143 rem
476 1058 698 1144 Favonius
728 1057 914 1146 habetur
945 1056 1164 1165 eximius,
1192 1055 1271 1173 qui
1302 1053 1416 1141 leuis
1443 1055 1725 1173 aequalisque
1757 1083 1825 1139 ae·

230 1198 351 1282 stiris
382 1198 603 1285 mensibus
634 1199 810 1316 perflat,
841 1229 973 1316 quern
1004 1222 1148 1283 tamen
1177 1196 1349 1309 operiri
1366 1194 1473 1281 lenti
1501 1219 1564 1281 est
1589 1195 1823 1307 agricolae,

232 1339 336 1454 qnia
376 1337 484 1425 durn
522 1365 820 1459 exspectatur,
860 1370 988 1424 saera
1018 1367 1098 1422 uos
1129 1336 1271 1421 hiems·
1300 1336 1602 1451 deprehendit.
1669 1336 1837 1453 Itaque.

234 1482 278 1563 in
317 1508 417 1565 area
457 1482 617 1569 detrita
655 1484 875 1570 frumenta
913 1480 977 1567 sic
1016 1502 1118 1563 sunt
1154 1477 1424 1591 aggerenda,
1467 1496 1515 1561 ut
1554 1476 1674 1561 omui
1717 1476 1823 1562 flatu

233 1623 398 1736 possint
423 1627 614 1711 excerni.
675 1624 732 1712 At
760 1626 798 1711 si
823 1622 1130 1740 compluribus
1155 1620 1313 1707 diebus
1343 1620 1542 1735 undique
1574 1618 1721 1705 silebit
1753 1649 1825 1704 au·

235 1795 305 1868 ra,
346 1767 500 1853 raonis
531 1792 852 1884 expurgentur,
894 1796 950 1851 ne
991 1786 1097 1882 post
1121 1764 1302 1850 nimiam
1333 1786 1567 1849 ventorum
1597 1762 1825 1873 segnitiem

231 1930 349 1994 rasta
386 1932 614 2023 tempestas
651 1911 827 1995 irritum
857 1908 991 1993 faciat
1022 1907 1153 1993 totius
1181 1906 1286 1990 anni
1323 1904 1533 1992 laborem.
1600 1902 1718 1987 Pura
1745 1901 1823 1988 de»-

164 2154 174 2165 ἱ
233 2047 338 2133 inde
379 2048 625 2157 frumenta,
667 2054 704 2137 si
739 2054 786 2137 in
829 2080 968 2135 anuos·
1006 2048 1333 2153 reconduntur,
1381 2046 1607 2160 repurgari
1645 2044 1820 2131 debent.

230 2189 341 2275 Nam
377 2217 541 2307 quanto
571 2216 674 2279 sunt
701 2194 989 2306 expolitiora,
1033 2191 1178 2273 minus
1210 2219 1232 2271 a
1270 2187 1602 2273 curculionibus
1631 2188 1822 2271 exedun-

232 2349 315 2411 tur.
377 2328 453 2414 Siu
483 2332 686 2444 protinus
716 2330 813 2415 usui
840 2329 1137 2434 destinantur,
1182 2330 1294 2417 nihil
1331 2331 1484 2416 attinet
1515 2328 1723 2443 repoliri,
1761 2358 1826 2411 sa·

231 2469 373 2583 aisque
410 2492 475 2553 est
512 2473 557 2553 in
594 2470 753 2553 umbra
786 2470 1067 2579 refrigerari,
1114 2475 1245 2557 etita
1278 2473 1478 2583 granario
1510 2470 1680 2556 inferri,
1739 2470 1822 2555 Le-

232 2609 460 2721 geminum
503 2640 681 2726 quoque
719 2642 810 2693 nou
842 2610 925 2693 alia
967 2639 1074 2695 cura
1111 2635 1201 2715 est,
1245 2642 1378 2729 quam
1414 2612 1688 2728 reliquorum
1729 2608 1822 2693 fru-

230 2774 503 2859 mentorum,
536 2762 634 2835 nam
662 2783 713 2835 ea
745 2782 924 2867 quoque
956 2753 1024 2837 vel
1050 2752 1192 2836 statim
1226 2752 1539 2855 absumuntur,
1571 2750 1641 2836 rel
1669 2778 1822 2835 recou-

231 2890 411 2976 duntur.
472 2892 615 3007 Atque
648 2889 730 2976 hoc
760 2923 1013 3007 supremum
1046 2916 1110 2978 est
1141 2894 1323 2977 aratoris
1348 2891 1700 2977 emolumentum
1722 2920 1824 3005 per·

231 3031 539 3147 cipiendorunt
569 3034 815 3140 seminum,
847 3064 959 3151 quae
990 3058 1131 3120 terrae
1164 3032 1414 3120 crediderat
1432 3033 1490 3140 ⁴¹⁵),

347 3173 467 3257 Haec
491 3174 658 3260 scilicet
682 3178 848 3279 omnia,
882 3206 1057 3261 necesse
1085 3200 1165 3279 est,
1200 3174 1376 3259 maximi
1408 3174 1496 3257 sint
1522 3172 1731 3258 momenti
1764 3172 1819 3258 ad

228 3344 388 3403 messes
428 3316 810 3430 multiplicandas,
857 3341 900 3404 et
939 3318 1120 3401 minime
1150 3340 1252 3401 sunt
1281 3312 1574 3416 transeunda,
1622 3345 1722 3398 cum
1754 3344 1820 3399 re·

231 3457 295 3541 tio
332 3458 593 3573 quaeritur,
639 3488 717 3543 cur
761 3484 928 3545 veteres
967 3490 1175 3545 arvorum
1218 3456 1410 3543 cultores
1458 3478 1594 3541 tantas
1638 3455 1826 3543 feceriut
1890 3504 1894 3509 ·

231 3626 402 3683 messes.

345 3740 465 3825 Haec
494 3770 631 3855 porro
663 3740 839 3824 anobis
864 3741 1088 3837 observari
1118 3738 1181 3823 fas
1211 3763 1293 3823 est:
1325 3738 1520 3823 habiturn
1550 3738 1662 3825 coeli
1686 3738 1751 3824 his
1774 3740 1818 3824 iu

231 3880 381 3983 terris,
422 3877 477 3965 de
509 3879 670 3995 quibus
701 3878 773 3964 hic
801 3910 945 3966 sermo
983 3902 1070 3984 est,
1116 3880 1255 3964 multo
1289 3881 1423 3992 tnagis
1461 3903 1728 3966 constantem
1754 3880 1820 3965 fu·

231 4024 339 4124 isse,
371 4050 505 4139 quam
536 4022 582 4105 in
613 4022 799 4129 nostris,
831 4004 875 4109 et
905 4021 1072 4139 plautas
1101 4021 1290 4134 singulas
1321 4054 1374 4107 eo
1404 4019 1576 4107 felicius
1603 4010 1852 4125 crescere,¹

230 4190 320 4280 quo
347 4165 452 4251 istae
480 4167 678 4279 regiones
708 4197 859 4253 earum
884 4168 1089 4283 propriae
1121 4166 1300 4251 suerint.
1349 4165 1432 4251 llic
1454 4195 1632 4283 quoque
1655 4166 1695 4247 in
1725 4194 1819 4248 seru

230 4336 327 4391 sum
357 4306 501 4413 venit,
544 4330 687 4423 patres
718 4308 1011 4422 agriculturae
1043 4341 1218 4426 magnas
1249 4333 1549 4395 armentorum
1580 4306 1822 4422 pecudum·

232 4476 327 4563 que·
351 4477 498 4564 greges
530 4449 720 4569 ideoque
754 4452 973 4563 ingentem
1002 4459 1204 4537 stercoris
1237 4452 1406 4565 cupium
1439 4449 1700 4568 possedisse,
1730 4480 1824 4565 quo

230 4612 368 4676 terras
409 4590 646 4697 redderent
692 4593 873 4707 pingues
914 4617 1165 4713 segetesque
1207 4594 1336 4680 laetas
1377 4617 1420 4679 et
1462 4594 1675 4677 maiorem
1716 4619 1825 4699 ergo

231 4760 414 4819 messem
440 4757 729 4849 reportarent
789 4731 853 4821 Ne
887 4734 1061 4838 dicam,
1094 4734 1219 4854 quod
1248 4737 1463 4851 plurimae
1490 4734 1700 4839 Arabiae,
1732 4728 1821 4818 Nu-

269 5034 302 5111 *J
321 5032 393 5101 cot.
411 5030 457 5099 11.
489 5055 545 5105 ar.
665 5092 670 5100 .
