4809 6142
574 572 644 666 796
804 659 807 663 A
1143 563 1227 680 xE.
1286 560 1559 653 Marsa,

578 783 663 869 tale
694 782 917 899 quinque,
949 780 1160 884 obovata,
1202 806 1415 883 concava,
1454 774 1759 887 unguiculata,
1798 770 1997 878 reflexa,
2025 773 2167 887 longi-

575 910 729 1009 tudine
761 922 933 1033 calycis.
993 920 1187 1006 Stamina
1216 917 1386 1027 decem,
1419 916 1693 1033 aequilonga.
1753 912 1996 1000 Filamenta
2026 914 2163 1029 capil-

576 1063 711 1166 laria,
753 1062 907 1176 petalis
940 1059 1076 1175 dnplo
1110 1059 1322 1174 longiora.
1383 1057 1602 1144 Antherae
1634 1079 1811 1161 tenues,
1853 1055 1980 1166 longe
2008 1079 2166 1141 rostra-

579 1227 670 1308 tae,
709 1202 801 1287 basi
835 1201 1084 1287 bicallosae.
1143 1201 1340 1288 German
1377 1201 1423 1286 in
1460 1197 1600 1285 fundo
1632 1198 1791 1312 calycis
1821 1196 2165 1315 minutissimum

577 1370 622 1433 et
650 1343 884 1430 maximam
914 1342 971 1428 ad
1001 1365 1170 1456 partem
1200 1342 1403 1429 liberum.
1463 1342 1608 1455 Stylus
1639 1365 1736 1428 ante
1761 1339 1958 1426 anthesin
1979 1341 2165 1429 stamina

580 1485 851 1599 induplicata
882 1485 1004 1597 apice
1032 1506 1210 1568 curvato
1241 1512 1461 1595 superans.
1521 1484 1685 1596 Stigma
1715 1481 1964 1597 capitatum.
2004 1481 2162 1585 Bacca,

580 1628 629 1711 ni
660 1626 807 1730 fallor,
838 1654 1042 1726 exsucca,
1075 1622 1190 1709 ultra
1222 1623 1418 1741 medium
1449 1621 1589 1735 calyci
1621 1620 1795 1724 adnata,
1826 1618 2009 1732 fragilis,
2039 1622 2163 1735 apice

585 1768 790 1884 depressa
822 1788 868 1851 et
897 1767 1093 1879 margine
1136 1764 1393 1852 brevissimo
1431 1766 1601 1877 integro
1641 1793 1818 1880 prorsus
1858 1761 2000 1849 libero
2039 1792 2166 1848 coro·

581 1930 703 2010 nara,
749 1908 865 1992 intra
908 1904 1082 1991 foveam
1123 1935 1229 1991 vero
1273 1902 1374 2018 styli
1420 1905 1580 1993 deiecti
1620 1905 1823 1990 cicatrice
1868 1903 2163 2008 tuberculata,
2249 1970 2257 1983 ,

583 2048 876 2151 trilocularis‚
914 2044 1128 2133 seminum
1165 2047 1672 2162 placentarione‘eadem
1702 2074 1750 2133 ac
1783 2052 1828 2130 in
1865 2044 2161 2149 antecedente,

587 2191 660 2275 cui
695 2213 741 2274 et
769 2194 859 2273 tota
888 2188 1034 2300 planta
1063 2188 1217 2273 habitu
1245 2188 1412 2273 similis.

701 2325 955 2415 observatio
993 2326 1030 2411 1.
1089 2326 1372 2414 Conveniunt
1406 2331 1521 2416 inter
1557 2360 1604 2415 se
1643 2330 1806 2444 species
1846 2328 1956 2415 dnae
1997 2351 2166 2413 antece·

586 2470 737 2553 dentes
769 2466 1070 2583 differuntque
1099 2497 1127 2551 a
1154 2466 1214 2551 M.
1241 2468 1405 2582 spicato
1433 2494 1479 2557 et
1510 2495 1688 2559 crenato
1718 2470 1792 2588 (an
1827 2472 1957 2555 etiarn
1989 2468 2042 2555 ab
2073 2465 2169 2552 alfi-

585 2610 795 2717 nibus?):
825 2608 959 2693 bacca
984 2608 1257 2714 triloculari,
1291 2637 1440 2725 quam,
1473 2610 1531 2697 ob
1558 2636 1668 2698 setas
1698 2642 1771 2696 sex
1799 2611 1960 2724 stylum
1990 2612 2165 2722 cingen-

584 2775 664 2855 tes,
697 2750 744 2834 in
769 2748 905 2835 altera
929 2750 1073 2865 specie
1104 2748 1365 2854 observatas,
1398 2782 1485 2835 non
1517 2750 1673 2836 abortu
1703 2773 1817 2835 ortas
1841 2749 1920 2837 sed
1948 2748 2172 2833 normales,

583 2879 677 2979 esse
706 2913 912 2998 autumo,
943 2891 1143 2975 cicatrice
1173 2891 1275 3002 styli
1305 2888 1464 2985 deiecti
1493 2923 1582 2977 non
1612 2891 1830 2979 loveolata
1857 2890 1936 2978 sed
1966 2891 2066 3005 plus
2090 2891 2167 2973 mi-

586 3061 720 3121 nusve
756 3030 1093 3145 protuberante3
1132 3033 1388 3144 praesertim
1424 3060 1527 3117 vero
1568 3031 1782 3146 peculiari
1821 3032 2039 3119 seminum
2078 3027 2167 3143 pla·

590 3172 853 3275 centurione,
884 3199 1013 3283 supra
1036 3167 1264 3284 descripta.
1311 3170 1495 3258 Accedit
1524 3172 1712 3280 habitus,
1733 3174 1989 3291 praesertim
2008 3162 2075 3257 'ab
2104 3170 2169 3253 in·

588 3312 883 3397 florescentiac
934 3310 1068 3394 modo
1114 3310 1324 3424 pendens.
1393 3312 1517 3423 Quae
1558 3315 1708 3398 omnia
1749 3312 1901 3397 eadem
1941 3310 2164 3397 observari

587 3452 723 3536 etiam
752 3450 801 3533 in
832 3447 1137 3533 Melasromare
1168 3480 1384 3536 rocemoso
1417 3452 1545 3538 Aubl.
1574 3500 1634 3519 -
1694 3452 1832 3563 Calyx
1863 3450 2167 3571 quinqueden-

593 3613 733 3690 tatus,
775 3586 981 3698 antherae
1025 3586 1119 3670 hasi
1160 3587 1394 3674 bicallosne
1436 3613 1482 3677 et
1523 3592 1677 3703 stigma
1712 3592 1921 3677 obtusum
1960 3590 2008 3673 in
2046 3587 2164 3672 hisce

586 3759 727 3847 aeque
759 3756 809 3813 ac
839 3728 883 3834 ip
914 3728 1037 3839 prins
1067 3734 1316 3815 memorat-is
1344 3728 1645 3817 observantur.

707 3864 959 3951 Observott'o
987 3862 1049 3951 II.
1115 3866 1380 3955 Melcstoma
1411 3869 1707 3984 ralyptratum
1745 3870 1872 3957 vahl,
1911 3901 1939 3957 a
1983 3868 2167 3987 reliquit

590 4006 793 4095 omnihus
820 4006 931 4091 milri
959 4006 1075 4089 notis
1105 4008 1331 4122 speciebus
1358 4044 1414 4099 eo
1445 4010 1624 4118 differt,
1656 4012 1779 4130 quod
1807 4014 2041 4097 staminum
2071 4033 2165 4095 ante

568 4146 787 4251 'anthesin
813 4144 1187 4261 induplicutorum
1218 4178 1342 4234 arcus
1362 4153 1608 4239 alternatim
1630 4153 1853 4240 breviores
1873 4174 1989 4255 sunt,
2016 4178 2168 4269 quarn·

589 4291 653 4374 nis
694 4292 877 4386 stamina
920 4288 1123 4404 explicita
1157 4290 1430 4401 longitudine
1472 4293 1685 4410 aequales.
1746 4294 1836 4380 Nec
1868 4316 2056 4398 taceam,
2099 4322 2167 4375 me

590 4429 720 4515 flores
760 4429 972 4515 invenisse
1013 4453 1259 4516 constanter
1296 4430 1566 4537 decandroe,
1613 4464 1745 4550 quem
1773 4463 2007 4520 numerum
2037 4463 2090 4517 eo
2121 4432 2174 4515 li·-

589 4566 762 4657 bentius
797 4600 880 4684 pro
919 4571 1107 4656 normali
1137 4549 1300 4676 habeo,
1338 4577 1546 4690 quoniam
1577 4576 1748 4690 petala,
1791 4578 1876 4661 ianr
1906 4572 2065 4660 Vahlio
2096 4572 2171 4657 ob-

588 4736 811 4817 servante,
853 4711 1015 4797 adsunt
1055 4713 1281 4831 quinque,
1331 4740 1375 4801 et
1407 4720 1627 4835 quoniam·
1652 4722 1700 4803 in
1734 4716 1822 4802 alia
1857 4716 1999 4831 specie
2033 4712 2169 4800 dode-

409 4967 416 4981 l
549 4919 553 4926 -
591 4853 785 4956 candra,
819 4858 865 4940 in
893 4853 1199 4940 Melattomate
1223 4874 1401 4969 patente
1430 4858 1629 4961 Suana,
1675 4882 1778 4952 teste
1811 4879 1987 4943 auctore
2015 4882 2169 4945 nume·

591 5025 666 5081 ras
694 4996 929 5082 staminum
958 4996 1195 5112 respondet
1220 5028 1408 5085 numero
1438 4998 1681 5115 patalarum
1712 4999 1896 5083 senario.
