4809 6142
651 530 726 608 862
1166 496 1199 595 l.
1248 480 1719 613 Fneon'uann,

652 743 843 846 midiae,
888 737 1146 855 Aethiopiae
1186 738 1462 856 aliarumque
1509 737 1792 825 orientalium
1832 760 2059 823 terrarum
2100 766 2219 855 genter

652 906 792 969 essent
821 881 1052 983 nomades,
1095 881 1174 999 qui
1202 880 1359 969 rudem
1389 903 1435 969 et
1463 879 1598 966 modo
1628 912 1682 965 ex
1706 878 1896 967 silvestri
1925 879 2077 969 habitu
2109 885 2149 967 iu
2171 914 2221 969 ar-

651 1056 754 1109 vum
779 1003 1073 1109 transductam
1099 1021 1383 1137 proscindere
1408 1046 1586 1137 possent
1612 1045 1787 1107 terram.
1849 1022 2011 1109 Talem
2040 1052 2138 1109 vero
2160 1026 2221 1111 hu·

652 1195 772 1249 mum
811 1168 896 1249 situ
925 1169 1022 1249 aevi
1056 1188 1142 1249 tam
1172 1162 1341 1275 'lon-go,
1386 1163 1715 1281 multorumque
1749 1164 1997 1281 requietem
2031 1194 2220 1255 annorum

651 1305 884 1391 frondibus
928 1328 974 1390 et
1010 1304 1182 1408 herbis,
1233 1333 1340 1419 quas
1376 1333 1453 1389 sua
1493 1329 1644 1417 sponte
1694 1329 1848 1391 natura
1895 1308 2219 1419 progenerabat,

650 1449 770 1533 velut
808 1448 1045 1558 saginatam
1085 1444 1349 1556 largioribus
1378 1444 1573 1559 pabulis,
1615 1444 1788 1531 facilius
1821 1442 2032 1533 sufficere
2064 1447 2219 1535 edendis

650 1588 979 1703 educandisque
1024 1585 1223 1697 frugibus
1260 1609 1304 1672 et
1342 1618 1438 1673 eam
1475 1588 1532 1671 ob
1574 1618 1746 1675 causam
1792 1618 1952 1701 magno
1996 1590 2218 1675 cessationis

650 1730 827 1816 faenore
880 1729 946 1813 his
997 1727 1242 1817 colentibus
1293 1728 1593 1842 respondere,
1642 1729 1759 1819 haud
1805 1726 2076 1817 incredibile
2122 1731 2218 1815 vide·

650 1871 783 1956 bitur.
1210 1849 1223 1863 ’
1746 1946 1749 1953 .

763 2010 999 2128 Nunquam
1032 2044 1134 2099 vero
1167 2017 1259 2127 agri
1297 2043 1317 2097 a
1353 2014 1570 2099 veteribus
1602 2012 1846 2098 cultoribus
1882 2036 1989 2097 sunt
2022 2010 2214 2123 defatigati

650 2152 861 2237 messibus
901 2176 1097 2262 segetum
1138 2156 1381 2257 continuis,
1419 2152 1496 2239 sed
1535 2155 1813 2241 aut'novales
1843 2180 1998 2259 erant,
2049 2177 2118 2239 aut
2142 2159 2214 2239 vice

646 2295 919 2405 leguminum
950 2326 1000 2379 ac
1032 2295 1355 2380 frumentorum
1387 2294 1613 2399 alternati,
1647 2294 1808 2412 quibus
1834 2299 2103 2385 colonorum
2130 2295 2212 2383 votis
2296 2390 2297 2415 ,

651 2435 914 2549 respondere
947 2458 1197 2549 potuerunt,
1259 2437 1469 2548 Virgilius
1508 2439 1654 2552 itaque
1689 2440 1863 2535 cecinit;

841 2602 1010 2678 Alternis
1034 2602 1138 2677 idem
1164 2622 1288 2679 tonsas
1311 2628 1451 2679 cessare
1475 2605 1643 2695 novales,

844 2730 895 2801 Et
918 2750 1071 2828 segnem
1096 2728 1243 2830 patiere
1266 2728 1344 2802 situ
1370 2727 1571 2805 durescere
1595 2758 1787 2835 campum.

841 2852 921 2923 Aut
944 2848 1000 2921 ibi
1025 2848 1122 2924 flava
1146 2876 1263 2939 seres,
1290 2870 1443 2929 mutato
1467 2850 1610 2943 sidere,
1636 2853 1749 2945 farra,

846 2968 960 3041 Unde
984 2970 1093 3075 prius
1117 2970 1264 3047 laetum
1288 2972 1428 3081 siliqua
1454 2993 1657 3083 quassante
1682 2978 1876 3079 legumen,

843 3095 923 3166 Aut
949 3094 1075 3167 tenuis
1098 3092 1222 3173 foetus
1256 3094 1393 3185 viciae,
1433 3098 1625 3203 tristisque
1659 3100 1789 3211 lupini

838 3216 1042 3289 Sustuleris
1066 3216 1218 3318 fragiles
1242 3220 1421 3310 calamos,
1465 3221 1675 3325 silvamque
1698 3243 1906 3301 sonantem

841 3338 931 3413 Urit
967 3340 1073 3413 enim
1111 3340 1184 3415 lini
1225 3370 1366 3448 capum
1404 3370 1523 3447 seges,
1569 3346 1652 3419 urit
1691 3372 1847 3437 avenae,

760 3464 762 3468 ’
842 3464 973 3535 Urunt
997 3462 1161 3537 lethaeo
1187 3466 1340 3567 perfilsa
1367 3494 1555 3573 papavera
1580 3497 1721 3545 somno.

843 3581 915 3655 Sed
941 3601 1069 3657 temen
1094 3584 1253 3663 alternis
1277 3588 1400 3665 facilis
1425 3592 1553 3667 labor:
1591 3594 1699 3669 arida
1731 3614 1883 3674 tantum

771 3753 774 3758 ·
842 3706 899 3781 Ne
924 3726 1096 3786 saturare
1121 3708 1212 3785 fimo
1237 3711 1375 3816 pingui
1401 3714 1546 3819 pudeat
1564 3719 1665 3808 sola,
1701 3745 1795 3799 neve
1921 3808 1923 3813 ,
1981 3720 1984 3729 ’

841 3828 1009 3905 Effectus
1051 3830 1221 3913 cinerem
1259 3834 1508 3923 immundum
1545 3842 1685 3918 iactare
1724 3869 1796 3951 per
1836 3872 1969 3951 agros,

837 3950 900 4024 Sic
924 3978 1082 4065 quoque
1105 3955 1264 4031 mutatis
1287 3958 1535 4067 requiescunt
1558 3965 1724 4041 foetibus
1748 3996 1853 4060 arva,

839 4074 918 4148 Nec
943 4076 1052 4157 nulla
1078 4076 1225 4152 interea
1250 4098 1304 4156 est
1328 4080 1500 4165 ¹inaratae
1521 4088 1645 4193 gnatia
1673 4108 1797 4166 terrae
1811 4090 1859 4187 *l

756 4217 827 4352 dd
856 4218 962 4309 haec
994 4223 1141 4309 omnia
1167 4222 1362 4347 deniquo
1392 4230 1549 4317 referri
1582 4259 1747 4349 potest,
1787 4238 1910 4359 quod
1942 4238 2110 4356 antiqui
2141 4232 2207 4317 tto-

643 4360 778 4465 mani,
812 4360 1027 4480 multique
1060 4366 1246 4452 aliarum
1272 4371 1483 4483 gentium,
1519 4406 1707 4493 quarum
1733 4380 1819 4467 vita
1849 4382 1967 4470 haud
1999 4412 2116 4469 more
2145 4403 2206 4457 110·

641 4502 818 4588 madum
847 4504 891 4589 in
922 4505 1156 4621 pecoribus
1186 4511 1391 4625 parandis
1422 4518 1734 4637 servandisque
1766 4547 1854 4609 tota
1882 4523 1967 4611 fuit
1998 4538 2204 4634 occupata,

641 4642 872 4730 frumentis
910 4648 1191 4765 acquirendis
1228 4683 1317 4741 uon
1354 4656 1568 4771 plurimos
1609 4658 1895 4753 adhibuerint
1933 4696 2081 4781 agros,
2131 4681 2204 4775 q¹1⁰

648 4860 972 4885 Μ

681 4982 709 5058 ')
729 4981 846 5066 Georg.
860 4983 905 5065 1.,
935 4986 965 5057 5,.
