4809 6142
582 588 692 666 856,
1101 577 1129 649 J.
1181 527 1654 667 Ferentino,

586 797 799 886 »Liciana
830 795 905 881 illa
935 814 1112 908 septena
1142 792 1320 905 iugera,
1363 821 1475 909 quae
1506 789 1647 905 plebis
1682 788 1883 877 tribunus
1914 791 2082 877 viritim
2115 788 2199 875 di-

581 945 768 1045 viserat,
801 939 989 1022 maiores
1021 959 1224 1053 quaestus
1255 937 1445 1052 antiquis
1477 934 1697 1040 retulere,
1731 964 1864 1052 quam
1896 965 2012 1019 nunc
2044 932 2190 1019 nobis

566 1075 794 1201 ⁴praebent
819 1080 1085 1195 amplissima
1113 1102 1317 1167 vetereta.
1380 1078 1519 1164 Tanta
1544 1076 1728 1195 quidem
1756 1074 1918 1163 Curius
1944 1078 2188 1179 Dentatus,

582 1258 716 1346 quem
755 1224 907 1342 paullo
945 1245 1042 1308 ante
1082 1223 1338 1328 retulimus,
1380 1252 1593 1338 prospero
1637 1220 1774 1306 ductu
1814 1243 1936 1335 parta
1987 1220 2186 1307 victoria

551 1370 641 1457 'ob
673 1369 877 1457 eximiam
908 1367 1119 1455 virtutem
1149 1363 1376 1453 deserente
1407 1365 1574 1481 populo
1605 1365 1793 1480 praemii
1823 1364 2001 1450 nomine
2041 1366 2189 1481 quin-

581 1512 789 1630 quaginta
808 1507 855 1627 a)
883 1507 967 1594 soli
992 1513 1142 1621 iugera
1159 1500 1586 1624 supraconsularem
1607 1504 2006 1624 triumphalemque
2033 1505 2186 1591 sortu-

518 1672 524 1680 '
581 1684 685 1739 nam
712 1653 884 1767 putavit
912 1680 1027 1756 esse,
1062 1649 1382 1770 repudiatoque
1408 1651 1588 1767 publico
1616 1680 1798 1736 munere
1825 1650 2061 1764 populari,
2092 1648 2183 1735 hac

580 1794 755 1911 plebeia
778 1823 982 1881 mensura
1009 1816 1239 1879 contentus
1264 1794 1362 1879 fnit.
1409 1795 1511 1881 Mox
1537 1792 1669 1879 etiam
1690 1820 1792 1879 cum
1820 1820 2025 1904 agrorum
2045 1794 2183 1877 vasti-

434 2050 440 2058 ·
580 1961 714 2023 tatem
748 1937 959 2024 victoriae
997 1949 1167 2023 nostrae
1205 1936 1433 2043 fecissent,
1474 1937 1763 2022 criminosum
1799 1956 1945 2021 tamen
1981 1938 2181 2021 senatori

580 2079 690 2185 fuit,
722 2110 854 2195 supra
884 2082 1201 2197 quinquaginta
1226 2083 1377 2195 iugera
1408 2078 1676 2196 possedisse,
1708 2106 1873 2196 suaque
1899 2078 1993 2190 lege
2026 2076 2078 2163 C.
2105 2078 2183 2162 Li-

584 2221 725 2306 cinius
757 2220 985 2306 damnatus
1016 2246 1104 2327 est,
1148 2222 1270 2339 quod
1302 2226 1392 2335 agri
1426 2222 1636 2327 modum,
1680 2250 1813 2335 quem
1844 2220 1890 2304 in
1921 2220 2180 2331 magistratu

582 2361 808 2473 rogatione
834 2359 1073 2446 tribunicia
1102 2364 1483 2476 promulgaverat,
1524 2360 1762 2447 immodica
1790 2358 2046 2475 possidendi
2077 2360 2179 2448 lihi-

581 2501 686 2587 dine
726 2500 1219 2620 transcendissettt).‹
1298 2504 1385 2595 Cui
1418 2504 1552 2590 addas
1589 2504 1861 2621 praeclaram
1891 2526 2047 2619 poetae
2078 2532 2177 2590 sen·

584 2648 787 2730 tentiam:

1195 2878 1199 2883 ,
1234 2788 1405 2869 laudato
1431 2792 1604 2897 ingentia
1630 2819 1741 2883 rura,

888 2913 1082 3015 Exiguum
1105 2914 1230 2989 colito.
1807 2920 1825 2936 ''

700 3059 838 3171 Quod
863 3063 940 3149 =vir
984 3061 1338 3169 eruditissimus,
1385 3085 1434 3151 ut
1474 3093 1571 3150 mea
1612 3063 1698 3150 fert
1736 3062 1919 3179 opinio,
1962 3060 2181 3149 traditum

584 3225 706 3291 vetus
748 3226 1031 3318 praeceptum
1067 3207 1264 3292 numeris
1295 3208 1520 3319 signavit3'
1545 3208 1709 3323 quippe
1752 3204 2042 3291 acutissimam
2073 3235 2182 3317 gen·

587 3369 674 3433 tem
720 3344 890 3430 Poenos
942 3346 1099 3433 dixisse
1147 3353 1367 3436 convenit:
1413 3349 1754 3438 imbecilliorem
1786 3378 1985 3463 agrum,
2039 3378 2177 3467 quam

585 3485 823 3600 agricolam
857 3515 947 3571 esse
979 3472 1162 3574 debere:
1205 3498 1440 3608 quoniam,
1487 3496 1682 3579 comsit
1712 3488 2042 3576 colluctandum
2072 3518 2178 3575 cum

584 3657 664 3725 eo,
697 3627 734 3709 si
757 3624 920 3711 fundus
944 3629 1217 3739 praevalent,
1252 3632 1379 3718 allidi
1404 3633 1649 3719 dominum.
1709 3630 1799 3721 Nec
1826 3631 2031 3738 dubium,
2061 3634 2171 3747 quin

582 3765 729 3850 minus
775 3766 932 3853 reddat
976 3766 1096 3853 laxus
1136 3800 1237 3885 ager
1278 3804 1367 3859 non
1415 3797 1532 3861 recte
1580 3773 1746 3878 cultus,
1798 3802 1931 3889 quarn
1970 3794 2173 3885 angustus

343 3972 355 4003 -,
382 3980 387 3989 .
582 3908 739 3993 eximie
760 3907 871 4018 sest).

696 4048 888 4136 Multum
932 4077 1158 4170 praeterea
1198 4056 1278 4141 lrac
1324 4058 1634 4175 disquisitione
1672 4057 2040 4145 considerandum
2080 4082 2173 4165 est,

584 4190 707 4310 quod
744 4195 917 4312 antiqui
947 4228 1035 4283 non
1067 4198 1208 4284 solum
1241 4224 1410 4286 summa
1435 4230 1540 4287 cura
1571 4230 1619 4287 ac
1651 4198 1906 4313 diligentia,
1946 4232 1986 4286 v.
2009 4231 2046 4285 c.
2076 4202 2173 4316 plu·

547 4364 550 4369 ·
582 4334 703 4421 ribus
734 4337 1039 4425 iterationibus
1070 4343 1302 4449 arationis,
1322 4374 1325 4380 ·
1346 4345 1624 4449 sanationis,
1668 4345 1937 4431 runcationis
1977 4351 2171 4460 aquatio·

581 4478 737 4594 nisque
775 4503 818 4564 et
852 4480 973 4593 largo
1001 4505 1221 4588 stercore,
1264 4485 1426 4603 quibus
1458 4487 1662 4572 omnibus
1695 4508 1857 4600 segetes
1886 4486 2040 4573 laetius
2071 4516 2170 4601 pro-

591 4654 886 4673 ψ

643 4731 853 4897 ‘llilonnulli
878 4743 985 4798 tamen
1014 4734 1194 4820 quingenta
1223 4738 1335 4823 legere
1357 4738 1488 4813 volum
1505 4758 1506 4763 ¹
1521 4739 1588 4808 vid.
1610 4752 1780 4809 comment.
1803 4742 1997 4811 Schneideri
2019 4743 2059 4807 ad
2079 4741 2169 4803 hane

722 4858 828 4902 ocum.
1920 4846 1921 4849 ’

631 4941 677 5018 ”l
696 4941 769 5012 Col,
792 4944 832 5006 de
852 4946 890 5008 tt.
911 4946 950 5010 tt.
970 4877 1069 5027 1.,‘s.

612 5048 676 5127 Ν)
696 5047 787 5134 Virg.
808 5052 927 5137 Georg.
938 5053 984 5119 11.
991 5099 1002 5133 ‚
1023 5056 1094 5132 4¹2·
1116 5056 1182 5125 cfr.
1205 5058 1277 5123 cot.
1294 5059 1337 5143 l.,
1359 5060 1390 5129 5.
1415 5082 1462 5125 10·
