4809 6142
270 1221 543 1377 plantarum
585 1267 917 1380 Europaenrum
958 1266 1115 1352 notitia
1159 1290 1306 1351 nostra
1346 1288 1485 1352 aetate
1521 1295 1575 1350 eo
1616 1292 1754 1380 usque
1796 1295 1867 1350 ex·

216 1429 218 1434 '
272 1411 389 1497 culta
424 1434 513 1513 est,
558 1432 606 1495 ut
644 1412 750 1492 novi
791 1409 961 1521 generis
1006 1433 1160 1522 typum
1194 1437 1300 1522 prae
1341 1438 1385 1493 se
1423 1405 1611 1492 ferentes
1636 1403 1865 1520 reperire,

271 1549 518 1667 perdificile
551 1554 629 1659 sit,
673 1580 786 1668 quae
817 1549 998 1669 quidem
1032 1579 1249 1638 novorum
1281 1576 1489 1662 generum
1519 1547 1867 1661 detegendorum

272 1691 508 1782 difficultas
545 1726 597 1782 eo
639 1699 779 1782 maior
816 1694 997 1801 evadet,
1045 1695 1134 1811 quo
1174 1692 1345 1805 longius
1381 1691 1615 1778 Botenicae
1657 1695 1867 1777 terminos

271 1838 471 1953 proferre
513 1839 758 1950 contigerit.
819 1836 971 1955 Neque
1013 1859 1157 1924 tamen
1192 1866 1309 1940 esse,
1354 1866 1432 1920 cur
1464 1836 1660 1919 animum
1692 1865 1870 1921 omnem

272 1985 517 2085 mittamus,
574 2006 703 2099 atque
743 2011 768 2065 a
807 1981 966 2093 plantis
1012 1978 1165 2092 patriis
1217 1978 1542 2094 perscrutandis
1588 1975 1904 2080 desistamus,¹

273 2145 455 2205 monent
486 2120 744 2205 Coleantlzus
767 2119 929 2206 subtilis
950 2117 1118 2223 sedet,-
1154 2120 1227 2201 cui
1258 2117 1464 2202 addenda
1492 2118 1868 2222 Libertia'nostra‚
1946 2150 1951 2157 ·

275 2291 415 2374 quaes,
456 2260 576 2345 velut
606 2260 706 2361 ille,
746 2262 792 2342 in
823 2260 930 2344 locis
961 2285 1168 2370 persaepe
1199 2260 1391 2345 lustratis
1421 2289 1616 2372 nascens,
1649 2260 1873 2344 botanico-

273 2431 373 2486 rum
403 2401 553 2486 oculos
585 2424 729 2487 tamen
762 2398 987 2518 hucusque
1018 2397 1259 2510 effugerat,
1291 2430 1432 2516 eoque
1464 2396 1748 2486 confirmatur
1777 2431 1873 2486 sen·

274 2543 410 2628 tentia
440 2543 518 2626 iila
549 2544 694 2654 magni
725 2538 902 2645 solatii,
943 2570 1029 2656 qua
1061 2563 1249 2645 constat,
1288 2543 1425 2626 multa
1452 2543 1634 2659 quidem
1667 2542 1874 2656 perfecis-

274 2712 345 2785 se,
390 2685 467 2798 qui
506 2705 604 2766 ante
645 2680 914 2812 nos'fuere,
967 2709 1111 2798 neque
1154 2703 1298 2769 tamen
1339 2685 1511 2801 aliquid
1543 2685 1645 2770 novi
1677 2683 1874 2770 addendi
1948 2767 1952 2773 ,

277 2827 550 2910 occasionem
582 2853 778 2939 unquanp
811 2821 1073 2908 defuturam.

393 2967 523 3052 Briza
553 2980 807 3051 mucronata
816 3025 833 3064 ,
874 2966 1133 3048 subarr'stnta
1165 2987 1209 3050 et
1241 2982 1385 3049 erecta
1422 2963 1688 3072 Lamarcle'i,
1722 2998 1747 3052 a
1777 2999 1873 3054 cae·

280 3109 384 3193 teris
419 3108 674 3221 speciebus,
721 3130 766 3192 ut
803 3135 914 3190 nova
949 3135 1131 3220 genera,
1182 3105 1415 3192 Calotlzeco
1449 3133 1492 3192 et
1531 3106 1874 3220 Chascolytrum,

278 3279 303 3333 a
341 3248 410 3334 Cl.
451 3249 667 3333 Desueux
704 3277 817 3332 anno
855 3248 963 3334 1813
1007 3227 1227 3332 seiunctae
1263 3273 1366 3334 sunt
1394 3246 1468 3363 ⁴⁸),
1519 3281 1631 3364 quae
1672 3247 1876 3337 rursus'a

277 3391 463 3476 Belvt'st'o
496 3393 539 3476 in
572 3422 708 3474 unum
744 3421 908 3502 genus,
943 3389 1240 3487 Celothecam,
1272 3390 1754 3507 coniungebantur**).
1808 3392 1878 3479 Ibi
1933 3454 1938 3462 -

281 3532 513 3619 Calotlreca
563 3531 776 3618 brizoidea
817 3534 1026 3618 Desvaux
1064 3533 1348 3643 Synonymon
1396 3529 1527 3618 habet
1578 3532 1750 3632 Brizem
1794 3566 1879 3620 ere-

278 3693 395 3761 ctam
420 3675 568 3777 Lem.,
616 3673 723 3760 dum
744 3675 873 3788 'apud
904 3675 1085 3759 Roemcr
1121 3694 1164 3757 et
1207 3671 1402 3757 Schultcs
1431 3671 1560 3790 (Syst.
1596 3674 1744 3786 Veget.
1776 3678 1876 3763 Vol.

240 3818 331 3946 ⁷11.
363 3850 404 3931 p.
428 3813 548 3930 632.)
590 3816 797 3902 odiliam
830 3813 1018 3900 refertur
1047 3816 1097 3898 B.
1132 3831 1389 3897 mucronata
1424 3813 1571 3920 Lam.,
1616 3846 1748 3933 quam
1778 3819 1878 3903 silet

281 3958 349 4042 Cl.
371 3955 566 4060 Pelices,-
602 3955 710 4057 sed,
745 3955 855 4038 mire
884 3955 1162 4042 diversitate!
1208 3954 1438 4041 Calotlzeca
1475 3957 1591 4070 apud
1621 3958 1669 4042 R.
1703 3982 1746 4043 et
1777 3958 1875 4044 sch.

258 4093 604 4210 ¹characteribus
635 4093 761 4206 longe
795 4095 891 4178 aliis
909 4158 922 4198 ,
980 4120 1108 4213 atque
1142 4097 1259 4212 apud
1292 4099 1555 4204 Belvisiurn,
1593 4099 1874 4207 describitur,

281 4267 424 4353 neque
446 4235 582 4322 'iltius
613 4229 1004 4354 Agrostogruplriae
1036 4239 1153 4326 iconi
1186 4241 1447 4355 respondet,
1480 4243 1709 4361 multoque
1741 4245 1877 4357 magis

284 4383 433 4490 generi
464 4403 625 4466 nostro.
685 4380 816 4467 Recte
849 4407 993 4467 autem
1026 4382 1144 4498 apud
1177 4383 1355 4468 eosdem
1393 4408 1591 4470 auctores
1620 4409 1877 4500 separantur

346 4769 373 4844 Ἴ
395 4766 531 4828 Journal
552 4766 592 4826 de
613 4769 789 4849 Botanique
808 4768 900 4834 idid.
923 4792 952 4854 p.
978 4793 1027 4852 7¹·
1050 4794 1100 4854 7²·

330 4895 375 4973 **)
395 4897 533 4957 Pnnrsor
556 4917 593 4955 nr
615 4897 792 4974 Bnnuvors,
813 4897 1096 4982 Agrostographt'c,
1119 4927 1206 4966 nnnc
1234 4904 1310 4968 1812
1334 4904 1431 4966 edite.
1462 4903 1511 4965 lbi
1535 4901 1776 4985 Cdascodrtrum
1795 4911 1876 4974 rcri-

409 5001 497 5064 hitnr
531 5001 784 5082 Cnscoclytrum,
809 5017 841 5066 et
863 5007 1049 5090 nuperrime
1070 5010 1104 5076 in
1126 5013 1290 5074 Dictionn.
1311 5011 1466 5094 classique
1489 5007 1604 5077 d'irist.
1622 5015 1793 5078 naturellc:
1814 5017 1876 5078 Ca-

408 5109 592 5190 scolytrum'.
1361 5106 1365 5115 ’
