4809 6142
518 544 593 624 794
948 611 953 632 ,
1116 530 1163 605 E.
1225 529 1503 623 Munna,

523 790 629 847 num
665 753 985 873 placentatione
1027 778 1082 835 an
1123 778 1463 862 novumgenus
1501 742 1814 831 fundandum?
1858 741 1927 830 An
1963 744 2116 833 eadem

522 901 668 985 est‘in
704 896 1003 981 Melastomate
1036 892 1232 1005 elegante
1264 888 1425 995 Aubl.,
1474 886 1659 1003 aliisque
1696 884 1888 973 eundem
1919 884 2118 972 habitum

515 1039 789 1131 ferentibus?

584 1233 591 1241 ·
623 1180 714 1285 ·83.
738 1176 1004 1267 Melastoma
1031 1144 1334 1263 helosericeum
1370 1167 1591 1287 Linn.'sp.
1619 1168 1679 1285 pl.
1709 1166 1927 1286 pag-:559
1985 1169 2111 1257 Vabl.

499 1325 660 1438 eclog.
689 1323 727 1446 l.
758 1353 853 1437 pag.
879 1324 949 1425 rin.
1515 1346 1517 1351 ‘

583 1466 688 1553 Var.
716 1471 751 1571 β.
790 1465 1116 1549 acuminatum?
1145 1457 1306 1545 Humb.
1342 1480 1384 1543 et
1410 1453 1563 1568 Bonpl.

635 1606 774 1690 Foliis
807 1605 1005 1718 oblongis
1028 1602 1284 1688 acuminatis
1307 1598 1430 1712 apice
1456 1593 1679 1681 serrulatis
1705 1594 2109 1712 quintuplinerviis,

526 1779 657 1865 supra
706 1746 982 1862 glaberrimis
1032 1745 1189 1831 subtus·
1224 1740 1398 1857 petiolis
1440 1736 1657 1851 ramisque
1702 1734 1856 1838 hirtis,
1908 1738 2123 1850 panicula·

467 1936 470 1940 v
522 1889 745 1977 terminali
773 1888 1020 1993 brachiata,
1056 1887 1204 1998 calyce
1237 1882 1352 1966 hirto
1379 1875 1785 1997 quinquedentato,
1818 1877 1950 1963 bacca
1975 1877 2109 1965 subli-

520 2034 627 2119 bera
667 2031 911 2117 triloculari
942 2030 1065 2145 apice
1095 2050 1268 2113 sexseta.

580 2174 647 2259 M.
680 2171 937 2257 holosericea
973 2202 1061 2257 var.
1095 2167 1380 2254 acuminata?
1420 2159 1581 2248 llumb.
1623 2184 1666 2247 et
1690 2160 1846 2277 Bnnpl.
1884 2162 2046 2251 melast.
2074 2166 2109 2250 l.

698 2344 791 2428 pag.
823 2312 890 2398 53.
928 2312 1013 2397 tab.
1043 2314 1108 2415 nri.

639 2457 888 2572 Specimina
920 2483 1016 2539 mea
1042 2484 1175 2572 quam
1202 2453 1415 2549 maxime,
1442 2472 1624 2565 excepta
1649 2449 1875 2566 superiore
1901 2450 2110 2538 loliorum

522 2599 704 2716 pagina,
747 2594 804 2680 ad
835 2594 1028 2707 calycem
1060 2626 1199 2712 usque
1235 2593 1551 2698 hirsutissima,
1597 2580 1697 2708 pilis
1735 2624 1786 2689 ex
1822 2592 1935 2677 ssavo
1975 2594 2111 2679 fusce·

520 2740 739 2827 scentibus
780 2738 1087 2855 patentissimis
1123 2737 1195 2823 vel
1229 2739 1360 2821 etiarn
1400 2734 1580 2821 reflexis.
1660 2734 1810 2820 Cauiis
1855 2741 2109 2821 teretiuscu·

521 2883 589 2967 lus
620 2906 664 2967 et
697 2881 879 2967 minime
916 2878 971 2964 ad
1002 2877 1140 2962 nodos
1171 2882 1231 2963 ita
1262 2880 1545 2980 incrassatus,
1593 2898 1642 2963 ut
1658 2870 1772 2962 'eum
1805 2878 1979 2964 exhibet
2008 2879 2110 2964 icon

461 3031 465 3040 '
526 3022 714 3110 laudata.
776 3023 902 3109 Folia
930 3021 1079 3135 paullo
1108 3020 1307 3132 longiora
1338 3020 1562 3137 magisque
1595 3022 1841 3105 acuminata
1876 3048 1925 3103 ac
1957 3022 2002 3105 in'
2032 3020 2110 3106 illa

523 3167 674 3269 icone,
705 3164 798 3251 basi
831 3162 1144 3274 integerrima,
1190 3162 1347 3247 leviter
1379 3161 1623 3271 revoluta„
1649 3161 1816 3275 apicem
1847 3194 1993 3248 versus
2024 3195 2111 3250 sere

522 3310 689 3414 rulata‚
722 3304 1124 3423 quintuplinervia,
1158 3305 1303 3388 nervis
1335 3302 1625 3389 exterioribus
1656 3305 1998 3416 marginalibus,
2030 3306 2107 3393 sed

522 3466 601 3565 pe'r
638 3471 777 3532 totum
819 3445 978 3530 solium
1009 3445 1352 3530 excurrentibus.
1420 3444 1628 3530 Panicula
1663 3448 1927 3553 terminalis,
1976 3454 2104 3537 remis

518 3587 768 3704 patentibus
797 3587 1026 3702 plurimis,
1058 3586 1181 3699 apice
1214 3585 1474 3670 brachiatim
1507 3582 1791 3693 dichotomis,
1824 3588 2107 3675 inferioribus

519 3731 691 3845 saepius
723 3730 927 3835 ramosis,
958 3727 1143 3813 floribus
1175 3728 1221 3811 in
1254 3726 1533 3813 dichotomiis
1565 3728 1834 3848 ramulisque
1870 3732 2109 3817 subsessili4

493 3873 600 3957 ·bus
635 3868 932 3956 subsecundis.
1009 3869 1216 3954 Bracteae
1245 3868 1761 3977 lineari-lanceolatae,
1826 3871 2106 3979 divaricatae,

518 4014 753 4139 primariae
796 4012 891 4096 fere
931 4010 1298 4126 semipullicares‚
1343 4008 1516 4096 florales
1556 4012 1704 4126 calyce
1741 4044 1896 4129 parum
1933 4016 2106 4103 brevio-

519 4184 599 4239 res.
668 4154 807 4266 Calyx
851 4150 1274 4271 quinquedentatus,
1335 4152 1541 4239 dentibus
1585 4155 1792 4247 brevibus
1837 4154 2109 4245 obtusiuscu·

517 4295 571 4380 lis
611 4294 948 4410 persistentibus.
1016 4293 1164 4379 Petala
1210 4294 1484 4407 longitudine
1526 4296 1708 4410 calycis‚
1747 4299 1965 4393 obovata.'
2014 4301 2105 4387 Sta·

518 4436 638 4520 mina
684 4435 896 4550 explicata
933 4467 1022 4521 non
1057 4434 1184 4521 vidi·
1242 4435 1461 4522 Antherae
1505 4437 1599 4524 basi
1638 4439 1885 4527 bicallosae.
1953 4443 2105 4529 'Bacca

519 4575 612 4660 sere
645 4600 730 4663 tota
764 4578 934 4682 libera,
977 4577 1145 4689 fragilis
1159 4603 1259 4682 ‚et
1290 4578 1336 4661 ni
1377 4577 1506 4664 fallor
1546 4610 1753 4685 exsucca,
1797 4584 1919 4698 apice
1956 4607 2105 4668 rotun·

521 4717 645 4823 data,
693 4724 895 4808 cicatrice
930 4721 1032 4835 styli
1069 4720 1230 4805 deiecti
1263 4719 1564 4830 tuberculata,
1610 4706 1689 4809 nec
1726 4746 1773 4810 ut
1807 4724 2103 4812 antecedentis

520 4861 760 4968 loreolam,
804 4866 903 4950 setis
944 4893 1015 4949 sex
1050 4862 1258 4951 brevibus
1289 4861 1541 4948 subrellexis
1579 4863 1746 4971 cincta3
1793 4873 1838 4951 in
1874 4869 1983 4953 meis
2009 4898 2105 4982 spe·

521 5003 756 5089 ciminibus
788 5027 1033 5091 constanter
1074 5003 1363 5111 trilocularis,
1398 5003 1609 5120 placentis
1649 5008 1807 5119 angulo
1840 5008 2119 5097 loculamen.
