4809 6142
845 603 1006 684 Plantae
1037 605 1335 685 Sarinomerrses.
1578 697 1588 718 ·
1810 625 1885 704 700

285 817 441 910 diiiert
483 818 788 910 tantummodo
825 822 943 911 foliis
983 823 1313 939 giabriuscnlis,
1364 829 1585 946 spicarum
1625 840 1882 949 praesertim

283 965 673 1068 inferiorumsetis
706 967 970 1100 rarissimis,
1002 971 1231 1059 interdum
1261 972 1421 1078 nullis,
1460 971 1706 1094 harumque
1737 980 1883 1095 spico·

282 1107 337 1194 lis
375 1111 632 1223 praesertim
670 1107 959 1196 inferioribus
997 1142 1086 1199 non
1115 1117 1355 1222 solitariis,
1401 1114 1479 1204 sed
1511 1128 1785 1231 numerosis,
1833 1127 1880 1212 in

282 1252 446 1367 spicam
481 1280 746 1338 racemosam
776 1251 990 1340 laxiorem
1023 1257 1183 1344 iterum
1216 1257 1428 1358 collectis.
1496 1257 1731 1348 Praeterea
1760 1265 1884 1352 nulla

282 1399 514 1514 utriusque
547 1396 730 1482 iormae
772 1381 1057 1506 discrimina,
1109 1422 1154 1487 et
1197 1401 1318 1517 ipsae
1356 1400 1501 1517 spicae
1538 1403 1791 1518 superiores
1831 1407 1880 1494 in
1947 1401 1954 1420 '

281 1565 468 1660 utraque
500 1539 585 1627 sibi
616 1539 881 1630 simillimae.
921 1515 926 1532 ¹
1592 1539 1633 1667 ξ

406 1683 671 1769 observatio.
729 1681 788 1770 Et
828 1684 910 1771 hoc
942 1684 1144 1800 exemplo
1175 1687 1347 1801 egregie
1379 1685 1734 1797 demonstratur,
1766 1681 1875 1778 setas

282 1824 396 1931 illas,
424 1824 711 1912 Panicearum
742 1825 927 1913 floribus
948 1828 1246 1935 intermixtas,
1279 1830 1345 1916 nil
1375 1828 1497 1916 aliud
1527 1859 1647 1939 esse,
1692 1833 1776 1919 nisi
1800 1863 1876 1950 pe·

281 1963 499 2055 dunculos
531 1970 766 2056 abortivos.

397 2113 467 2198 23.
497 2115 711 2199 Panicum
739 2109 1166 2228 commelinatyblium
1194 2111 1334 2226 Rudg.

398 2249 611 2337 Panicula
650 2253 850 2367 capillari
883 2276 1059 2356 erecta,
1102 2253 1281 2367 spiculis
1311 2254 1518 2339 solitariis
1548 2253 1677 2368 longe
1708 2253 1876 2369 pedun-

277 2391 464 2500 culatis,
504 2391 625 2480 foliis
661 2393 1079 2482 ovato-lanceolatis
1113 2394 1372 2480 acuminatis
1410 2394 1776 2511 pubescentibus,
1817 2398 1875 2485 ad

277 2565 402 2624 oram
431 2536 652 2641 barbatis,
685 2537 851 2648 vaginis
883 2537 1094 2652 oppressis
1123 2534 1301 2620 sulcatis
1332 2537 1505 2622 ciliatis.

335 2679 387 2764 P.
420 2676 848 2793 commelinnrssrlium
876 2675 1018 2787 Rudg.
1051 2677 1195 2789 guian.
1226 2707 1323 2792 pag.
1351 2707 1420 2762 21.
1452 2677 1539 2763 tab.
1567 2677 1636 2765 28.

394 2819 445 2904 In
476 2851 575 2906 meo
605 2821 845 2935 specimine
878 2818 1016 2904 caulis
1046 2818 1272 2932 tripedalis
1305 2841 1348 2905 et
1378 2818 1500 2938 quod
1533 2817 1750 2925 excedit,
1777 2820 1874 2908 basi

281 2989 506 3069 ramosus,
549 2985 687 3069 teres,
734 2962 1026 3065 laevissimus,
1064 2959 1195 3045 nodis
1221 2959 1562 3076 nigricantibus,
1610 2960 1871 3066 internodiis

276 3105 432 3219 vagina
447 3137 573 3222 saepe
606 3107 744 3222 duplo
776 3105 1064 3220 longioribus.
1126 3102 1254 3189 Folia
1284 3087 1494 3218 patentia,
1529 3105 1875 3192 ovato-lanceo-

278 3247 391 3354 lata,
429 3251 700 3354 acnminata,
742 3271 829 3334 tres
859 3271 1103 3367 quatuorve
1130 3243 1313 3361 pollices
1345 3246 1502 3360 longa,
1543 3276 1702 3332 novem
1734 3247 1872 3332 lineas

277 3392 389 3497 lata,
423 3393 617 3503 margine
651 3413 890 3476 retrorsum
923 3388 1174 3503 hispidula,
1213 3386 1685 3488 subundecimnervia,
1732 3388 1873 3472 utrin-

276 3563 363 3650 que
390 3532 699 3646 pubescentia,
732 3532 834 3646 pilis
864 3529 920 3615 ad
945 3530 1069 3615 basin
1102 3529 1379 3615 densioribus
1411 3526 1712 3640 longioribus,
1743 3558 1869 3642 prae·

275 3673 427 3759 sertim
471 3704 603 3788 supra
641 3671 825 3784 ligulam
871 3671 1066 3757 collectis
1108 3659 1165 3756 in¹
1195 3651 1383 3759 'barbam
1425 3701 1505 3784 per
1536 3669 1716 3782 vaginae
1748 3670 1871 3756 eilias

277 3813 601 3904 decurrentem.
668 3814 836 3924 Vagina
887 3836 1025 3916 teres,
1080 3831 1226 3916 arcta,
1271 3811 1671 3928 sesquipollicaris,
1704 3812 1875 3897 striato·

146 4019 149 4024 ,
276 3955 471 4056 sulcata,
504 3952 680 4064 glabra,
713 3951 770 4036 ad
799 3952 1014 4063 margines
1045 3952 1206 4037 ciliata.
1256 3950 1412 4063 Ligula
1447 3951 1719 4056 brevissima,
1752 3975 1873 4039 trun·

278 4118 385 4180 cata.
445 4092 655 4179 Panicula
686 4094 1001 4200 ramosissima,
1045 4092 1175 4179 ramis
1205 4089 1523 4218 principalibus
1555 4095 1641 4178 iam
1672 4093 1764 4181 iere
1797 4123 1870 4180 ca-

277 4236 507 4353 pillaribus
549 4237 733 4344 erectis3
790 4235 1054 4352 pedunculis
1095 4254 1138 4323 et
1176 4234 1404 4350 pediceliis
1444 4235 1692 4349 patentibus
1727 4234 1868 4323 flexu-

276 4381 376 4465 osis.
436 4379 637 4494 Spiculae
667 4379 921 4488 solitariae,
953 4380 1162 4469 obovatae
1180 4439 1194 4483 ,
1228 4377 1434 4485 obtusae,
1468 4376 1661 4493 glabrae,
1694 4377 1866 4493 Sinapis

144 4499 148 4510 ³
226 4617 229 4622 ,
277 4519 426 4634 nigrae
456 4522 621 4606 semine
653 4523 857 4608 minores.
919 4521 1107 4608 Glumae
1139 4551 1291 4608 omnes
1319 4521 1609 4624 naviculares,
1643 4548 1723 4605 nec
1756 4518 1865 4603 cari·

276 4682 429 4764 natae,
463 4659 747 4770 rotundatas,
788 4685 967 4777 excepta
999 4659 1149 4748 infima
1171 4664 1396 4768 ¹involucri
1428 4636 1717 4765 universalis,
1749 4689 1862 4778 quae

277 4827 341 4890 est
370 4803 525 4910 acuta',
563 4805 641 4891 sed
677 4828 764 4892 tam
794 4835 954 4920 parva,
995 4828 1045 4891 ut
1074 4805 1195 4891 nudo
1227 4806 1358 4890 oculo
1387 4804 1458 4891 rix
1492 4824 1711 4918 appareat.

325 4943 327 4950 ’
397 4947 660 5034 Observatio.
719 4946 891 5061 Rudgei
916 4978 998 5033 nec
1017 4949 1117 5034 icon
1139 4952 1304 5063 optima
1324 4976 1404 5032 nec
1429 4947 1684 5060 descriptio,
1713 4975 1862 5063 qnam·

277 5094 342 5176 sis
379 5089 426 5180 in
462 5114 648 5208 utraque
686 5113 731 5178 et
769 5088 942 5178 babitus
982 5114 1027 5178 et
1065 5091 1186 5204 signa
1226 5088 1441 5207 quaedam
1473 5111 1626 5176 notatu
1657 5085 1858 5202 digniora
