4809 6142
569 620 644 697 tot
1066 611 1106 691 sl.
1165 604 1641 693 runcantur,

572 830 722 917 Africa
768 851 811 916 et
853 821 1085 930 Sardinia,
1137 845 1182 907 et
1217 820 1402 907 navibus
1436 814 1706 904 vindemiam
1741 814 1975 901 condimus
2010 844 2062 897 ex
2098 813 2168 896 in·

572 970 665 1055 sula
696 968 789 1055 Coa
818 962 862 1054 et
893 966 1020 1052 Chia.
1090 966 1239 1081 ltaque
1280 963 1327 1047 in
1359 992 1447 1079 qua
1479 986 1595 1048 terra
1627 962 1846 1046 culturam·
1875 958 1967 1070 agri
1997 954 2166 1040 docue-

559 1134 677 1197 runt
715 1132 907 1224 pastores
938 1108 1194 1224 progeniem
1226 1132 1374 1213 suam,
1422 1105 1499 1223 qui
1541 1101 1839 1190 condiderunt
1872 1100 2054 1201 urbem,
2097 1096 2165 1182 ibi

574 1278 725 1340 contra
760 1254 991 1369 progenies
1032 1277 1185 1337 eornm
1223 1271 1404 1363 propter
1444 1246 1669 1333 avaritiam
1711 1267 1862 1330 contra
1892 1243 2060 1353 legese
2097 1268 2167 1323 se·¹

575 1395 744 1510 getibus
774 1395 881 1481 iecit
911 1419 1032 1509 prata
1052 1392 1137 1503 *le

696 1537 758 1622 Μ.
779 1536 832 1621 Τ.
855 1536 1143 1641 Ciceronem,
1176 1532 1332 1621 eodem
1350 1597 1362 1638 ‚
1396 1562 1488 1651 quo
1516 1532 1686 1637 Varro,
1727 1530 1797 1616 vel
1830 1528 1980 1614 saltem
2012 1526 2167 1643 paullo

573 1702 670 1796 post
689 1688 907 1766 viventem
929 1702 1145 1793 tempore,
1177 1678 1365 1761 similem
1391 1675 1699 1761 foecunditatis
1722 1700 1970 1759 mensuram
1995 1700 2163 1753 annun·

575 1829 691 1907 clare
728 1819 776 1904 in
817 1820 1092 1905 accusatione
1133 1820 1177 1903 in
1215 1818 1401 1903 Verrem
1443 1818 1702 1935 reperimus.
1765 1812 1847 1898 »In
1879 1816 2052 1925 iugero,
2092 1811 2162 1894 in·

575 1961 696 2079 quit,
731 1962 824 2073 agri
854 1960 1087 2065 Leontini,
1127 1957 1402 2045 medimnum
1433 1958 1525 2045 sere
1557 1958 1691 2045 tritici
1721 1962 1909 2060 seritur,
1948 1976 2163 2069 perpetua

575 2128 705 2223 atque
736 2100 958 2220 aequabili
985 2103 1166 2188 satione.
1227 2102 1341 2214 Ager
1373 2096 1511 2187 eflicit
1540 2129 1639 2187 cum
1667 2125 1820 2188 octavo
1850 2098 1963 2185 bene
1991 2120 2041 2182 ut
2064 2126 2162 2207 aga·

574 2268 669 2348 tur,
707 2274 887 2345 rerum,
930 2266 978 2326 ut
1009 2272 1158 2326 omnes
1189 2238 1265 2324 Dii
1297 2238 1527 2348 adiuvent,
1571 2272 1673 2331 cum
1703 2240 1889 2328 decimo.
1962 2236 2161 2349 Quodsi

575 2384 757 2508 quaudo
781 2382 969 2489 accidit,
1002 2404 1095 2467 turn
1122 2377 1195 2487 fit,
1228 2403 1278 2466 ut
1305 2403 1471 2467 tantum
1504 2381 1713 2470 decumae
1742 2383 1821 2488 sit,
1855 2404 2066 2499 quantum
2094 2408 2155 2464 se·

574 2527 716 2612 verie-
763 2524 859 2609 Hoc
891 2546 977 2627 est,
1012 2546 1087 2628 ut,
1120 2546 1231 2640 quot
1260 2522 1409 2634 iugera
1439 2548 1540 2612 sunt
1567 2546 1686 2631 sata,
1726 2523 1911 2611 totidem
1940 2521 2155 2609 medimna

576 2664 789 2755 decumae
825 2662 1084 2751 debeantur.
1149 2662 1425 2750 Medimnum
1466 2689 1611 2753 autem
1648 2698 1701 2755 ex
1730 2668 1886 2780 ingero
1915 2664 2158 2752 decumano

576 2807 674 2893 dari
703 2831 891 2922 poterat,
924 2836 1025 2892 curn
1056 2834 1178 2920 aget,
1208 2804 1256 2891 id
1287 2806 1409 2925 quod
1436 2839 1618 2923 perraro
1647 2811 1811 2914 evenit,
1843 2840 1944 2894 cum
1976 2806 2163 2894 decumo

576 2950 800 3035 extulisset
817 2945 934 3066 *ile
1917 2962 1919 2969 “

692 3089 758 3195 De
792 3089 942 3177 reditu
971 3119 1178 3204 agrorum
1212 3090 1603 3179 frumentariornur
1631 3092 1902 3209 temporibus
1937 3086 2160 3179 Columel-

574 3234 643 3319 lae
685 3231 792 3317 baec
831 3232 879 3316 in
917 3231 1032 3317 libro
1069 3232 1161 3316 eins
1201 3236 1330 3319 tertio
1368 3234 1422 3322 de
1469 3236 1596 3322 rebus
1639 3239 1811 3323 rusticis
1852 3236 2007 3350 capti.
2058 3235 2159 3347 legi·

574 3404 696 3460 mus:
731 3404 868 3459 snam
892 3360 969 3459 illa
1001 3370 1206 3458 videntur
1238 3372 1543 3491 prodigialiter
1575 3380 1620 3465 in
1648 3380 1805 3465 nostris
1836 3378 2064 3465 Ceretanis
2093 3406 2160 3461 ac»

552 3512 765 3617 cidisse,
807 3535 855 3597 ut
894 3512 1041 3628 aliqua
1076 3512 1175 3597 sitis
1215 3514 1329 3629 apud
1369 3541 1410 3604 te
1447 3520 1679 3608 excederet
1715 3552 1903 3605 uvarum
1932 3544 2163 3606 numerum

576 3650 768 3737 duorum
802 3651 1019 3754 millium,
1061 3674 1104 3735 et
1143 3652 1262 3766 apud
1301 3685 1369 3741 me
1410 3681 1644 3772 octogenae
1682 3663 1836 3776 stirpes
1868 3664 2024 3747 insitae
2047 3662 2162 3745 intra

574 3792 806 3879 biennium
836 3818 1035 3909 septenos
1068 3794 1233 3881 culleos
1262 3806 1599 3919 peraequareut,
1632 3826 1678 3889 ιιι
1703 3804 1869 3918 primae
1893 3805 2044 3889 vineae
2066 3832 2164 3887 cen·

574 3934 955 4050 tenasampboras
990 3938 1220 4049 iugeratim
1251 3941 1543 4053 praeberent,
1581 3972 1680 4029 curn
1712 3970 1835 4060 prata
1865 3970 1907 4031 et
1940 3973 2097 4059 pascua
2121 3964 2166 4028 et

574 4078 727 4183 silvae,
758 4080 796 4162 si
827 4100 1031 4164 centenos
1056 4082 1275 4167 sestertios
1306 4084 1351 4169 in
1377 4085 1544 4200 singula
1577 4088 1726 4202 iugera
1756 4086 1966 4193 alliciant,
1998 4088 2161 4203 optime

575 4221 762 4308 domino
798 4217 1025 4307 consulere
1065 4221 1315 4310 videantur.
1381 4226 1492 4316 Nam
1530 4226 1750 4317 frumenta
1784 4234 1956 4317 maiore
1981 4228 2165 4348 quidem

574 4386 696 4480 parte
728 4360 879 4448 italiae
912 4363 1090 4480 quando
1122 4393 1224 4452 curu
1250 4390 1407 4485 quarto
1440 4370 1778 4489 responderint,
1814 4374 1887 4461 vix
1916 4374 2162 4461 meminisse

576 4534 819 4623 possumus.

691 4646 828 4763 Quod
852 4650 1064 4738 'sententia
1093 4649 1166 4738 hic
1196 4677 1325 4765 esset,
1355 4678 1405 4745 ut
1433 4651 1652 4746 frumenta
1682 4680 1837 4776 qnater
1868 4680 2033 4747 tantum
2068 4654 2165 4745 red·

639 4952 675 5025 n
694 4950 743 5019 tt.
763 4953 903 5036 tn.1t.‚
930 4956 1110 5041 praerato

620 5056 673 5135 ’Ἴ
694 5056 763 5125 (iio.
783 5068 864 5131 ont
885 5082 992 5134 tems.
1014 5062 1050 5128 itt
1070 5062 1109 5135 C.
1129 5062 1268 5133 Verrem
1283 5062 1385 5138 VIII.
