4809 6142
536 501 612 575 700
1120 497 1159 570 1.
1211 495 1537 587 Bararus,

535 742 670 818 neae,
717 710 919 826 punctim
961 711 1158 817 ductae,
1200 712 1319 798 circa
1366 709 1571 798 dentium
1605 713 1942 818 serotinorum,
1986 715 2030 799 in
2069 718 2132 802 al·

539 854 679 940 veolis
709 854 963 959 latentium,
996 854 1192 966 germina
1224 852 1397 970 alicpuid
1426 852 1550 940 dubii
1584 855 1865 972 relinquunt,
1896 857 2031 944 verba
2056 889 2129 944 au·

543 995 701 1099 ctoris,
734 992 917 1080 volu.
951 1025 1047 1109 pag.
1071 1027 1165 1110 272.
1199 1025 1421 1108 expressa:
1461 996 1552 1084 »Le
1580 1015 1719 1084 comte
1754 994 1807 1082 de
1836 997 1996 1114 Brffm
2030 1029 2131 1085 sem·

546 1134 638 1242 »dle
662 1137 788 1219 avoir
811 1137 983 1251 ignore,
1017 1166 1097 1255 que
1134 1135 1194 1220 les
1221 1136 1417 1222 orecdets-
1445 1185 1511 1204 -=
1539 1185 1600 1204 -·
1628 1169 1680 1230 sef
1698 1138 1997 1224 renouvellent
2024 1137 2132 1226 dans

549 1279 634 1364 »les
662 1278 922 1378 elevarae«,
949 1279 1218 1393 apertissime
1251 1302 1482 1386 testantur,
1524 1276 1731 1393 Campero
1765 1279 2022 1364 sententiam
2054 1304 2135 1364 ste·

542 1423 667 1523 tisse,
707 1422 884 1505 caninos
925 1417 1115 1506 caducos
1143 1419 1295 1510 dentes
1335 1420 1499 1536 equino
1538 1418 1686 1532 generi
1725 1449 1814 1504 esse
1851 1418 2132 1507 addicendos.

545 1560 717 1670 Quodsi
755 1591 862 1648 vero
894 1563 1067 1648 Zebroc·
1094 1562 1234 1669 hano,
1276 1590 1408 1682 quam
1441 1559 1628 1648 adducit.
1657 1560 1870 1675 Camper,
1913 1563 2134 1648 maxillam

544 1705 732 1819 equinae
765 1702 990 1811 conseras,
1028 1703 1279 1790 edentium
1307 1703 1544 1789 molarium
1575 1727 1785 1818 apparatu
1812 1703 1987 1821 (quinto
2022 1703 2135 1788 scili-

545 1868 613 1930 cet
638 1845 797 1930 molari
832 1848 920 1931 iam
951 1879 1003 1934 ex
1039 1847 1214 1934 alveolo·
1244 1877 1441 1959 egresso,
1478 1832 1634 1961 primis
1663 1868 1807 1932 tamen
1834 1844 1973 1931 tribus
2003 1844 2138 1929 mola·

547 1986 668 2070 ribus
699 1988 847 2071 lacteis
883 1987 1069 2073 residuis
1110 1990 1241 2075 etiam
1276 1986 1427 2106 nunc)
1463 1989 1654 2076 duorum
1696 2018 1910 2075 annorum
1953 2009 2136 2074 aetatem

547 2129 615 2212 illi
648 2127 947 2237 adiudicabis,
988 2133 1025 2215 si
1059 2130 1221 2234 modu,
1254 2162 1366 2247 quae
1399 2132 1454 2219 de
1489 2163 1594 2252 equo
1630 2132 1854 2246 explorata
1884 2152 1984 2215 sunt
2014 2159 2137 2244 prae·

548 2271 675 2385 cipua
708 2270 961 2357 dentitionis
991 2295 1238 2376 momenta,
1275 2273 1403 2358 etiam
1442 2273 1496 2360 de
1531 2275 1671 2359 Zebrn,
1711 2274 1872 2360 valent.

664 2412 757 2496 Iam
799 2444 903 2499 vero
946 2391 1071 2498 nobis
1111 2415 1154 2497 io
1204 2418 1368 2529 equino
1415 2445 1572 2526 genere
1621 2415 1772 2500 dentes
1820 2412 1965 2498 canini
2008 2410 2135 2496 lactei

548 2585 637 2638 non
674 2539 741 2637 ad
767 2551 878 2636 hanc
907 2576 1088 2639 aetatem
1123 2584 1260 2669 usque
1289 2550 1490 2661 durasse,
1527 2553 1604 2642 sed
1639 2587 1688 2640 ex
1718 2533 2025 2640 anniculorum
2050 2581 2138 2636 ma·

474 2685 478 2690 “
548 2694 664 2778 xillis
705 2692 920 2782 decidisse
968 2695 1049 2781 visi
1099 2717 1211 2780 sunt.
1284 2694 1407 2803 Quae
1444 2718 1592 2782 utrum
1631 2696 1676 2780 in
1713 2695 1857 2779 Zebra
1895 2713 2137 2778 constanter

551 2837 609 2919 ita
654 2833 928 2949 discrepent,
973 2837 1044 2922 vel
1089 2844 1135 2921 in
1181 2860 1369 2954 utroque
1414 2869 1571 2950 genere
1612 2837 1840 2922 varietates
1882 2855 2136 2948 agnoscant,

549 2977 594 3062 in
634 2976 783 3064 medio
816 2965 1134 3098 relinquimus.

667 3117 848 3204 Interim
884 3120 1159 3205 maxillarum
1196 3118 1309 3234 pulli
1344 3121 1502 3236 equini
1532 3121 1750 3208 semestris
1784 3118 1870 3206 levi
1911 3115 2157 3202 adumbra-

552 3260 689 3364 tioni,
725 3285 931 3347 enatura
963 3261 1089 3346 nobis
1120 3261 1384 3376 exscriptae,
1417 3294 1594 3349 ornnem
1625 3264 1679 3352 de
1710 3292 1800 3379 qua·
1830 3259 2018 3360 diximus
2047 3287 2139 3342 rem

552 3401 864 3518 explicandam·
883 3401 1113 3510 tradimus,
1147 3404 1271 3488 cuins
1297 3403 1402 3516 sigla
1430 3403 1608 3494 huiusce
1633 3398 1961 3517 significationis
1985 3421 2095 3484 sunt.

1099 3731 1105 3738 μ
1143 3721 1546 3746 Μ.

556 3973 659 4056 Tra.
692 3970 844 4056 LVlll.
892 3970 989 4057 Fre.
1036 4003 1071 4057 1.
1131 3974 1241 4058 Pars
1276 3967 1561 4058 maxillarum.
1591 3965 1732 4084 eqrtrrlr'
1755 3994 1834 4050 sea:
1866 3964 2081 4047 mensium.

603 4224 634 4290 1.
663 4223 718 4290 II.
745 4222 818 4291 III.
846 4221 894 4298 A.
924 4221 969 4296 B.
1001 4221 1038 4297 0.
1089 4221 1232 4296 Dentes
1257 4225 1433 4297 maxillae
1458 4221 1684 4327 superioria,

610 4375 636 4422 t.
672 4375 703 4420 2.
755 4353 788 4422 3.
851 4372 888 4417 a.
940 4343 973 4415 b.
1007 4370 1037 4420 c.
1098 4343 1368 4449 respondentes
1391 4347 1569 4421 maxillae
1595 4343 1788 4420 inferioris
1812 4343 1952 4418 dentes.

606 4470 637 4535 Ι.
678 4497 705 4541 ι.
757 4469 911 4545 Incisivi
936 4469 1126 4575 primores
1151 4469 1280 4559 lactei,
1309 4469 1351 4545 in
1376 4487 1541 4572 utraque
1567 4466 1730 4540 maxilla.

604 4592 658 4659 II.
676 4620 706 4664 2.
757 4590 910 4667 Inoisiri
937 4590 1049 4667 lactei
1075 4591 1210 4683 medii,
1243 4618 1398 4698 prorsus
1424 4617 1469 4667 ex
1494 4590 1647 4665 alveolis
1671 4588 1815 4692 egressi.

561 4800 563 4804 .
607 4715 682 4784 m.
759 4712 942 4791 Incisirus
955 4715 1140 4790 ‘lateralis
1165 4717 1308 4792 lacteus
1332 4746 1427 4794 max.
1454 4743 1560 4821 sup,
1593 4741 1709 4819 supra
1744 4713 1957 4816 marginem
1982 4714 2141 4789 alveola-

804 4863 886 4914 rcm
919 4837 1034 4916 modo
1059 4863 1269 4946 emergens,
1306 4869 1327 4917 a
1362 4839 1500 4916 canino
1537 4835 1680 4914 caduco
1707 4833 1794 4933 (A)
1826 4835 1989 4912 notabili
2019 4834 2140 4942 spatio

805 4980 979 5039 remotus.
