4809 6142
559 582 634 659 800
741 602 813 659 ῃ
1159 572 1207 641 E.
1269 568 1547 659 Mersa,

675 789 866 874 Arbores
906 781 975 871 vel
1014 780 1193 879 frutices
1231 783 1429 885 altiores,
1458 776 1847 894 'stipulis'ratione
1874 780 2147 867 ‘soliolorum

560 930 703 1045 parvis
744 923 967 1029 deciduis,
998 922 1180 1008 floribus
1212 924 1458 1008 racc-mosis.

675 1066 772 1151 Huc
805 1066 1027 1180 pertinent
1069 1065 1233 1177 species
1278 1063 1479 1149 sectionis
1524 1061 1717 1173 primae,
1763 1060 1982 1162 Fistulae,
2015 1064 2147 1177 'apud

559 1207 805 1310 Colladon,
847 1206 1019 1291 exclusa
1054 1205 1197 1316 specie
1234 1204 1411 1305 ultima,
1453 1201 1599 1287 Cassia
1628 1199 1850 1301 bocillari,
1894 1234 2006 1320 quae
2036 1232 2148 1320 qn·

561 1350 663 1435 dem
697 1347 916 1459 legumine
953 1344 1310 1459 Cathartocarpi,
1357 1345 1435 1430 sed
1472 1343 1662 1428 antheris
1696 1343 1933 1461 habituque
1970 1338 2142 1431 Cassiae
2239 1398 2241 1405 ·

558 1489 757 1605 praedita
794 1512 858 1573 est

672 1632 747 1691 Η
773 1631 927 1721 Cussru
957 1629 1086 1713 Linn.
1115 1628 1259 1740 (excl.
1275 1572 1544 1743 speciebus.)

678 1769 823 1881 Calyx
854 1769 1262 1885 quinquepartitus,
1303 1768 1521 1872 obtusus,
1562 1766 1840 1851 aestivatione
1883 1768 2141 1855 involvente

558 1909 739 2003 Corolla
765 1907 1054 2022 pentapetala,
1084 1907 1391 2020 subregularis.
1434 1907 1645 1992 Stamina
1672 1908 1842 2020 saepius
1870 1906 2049 2013 decem,
2077 1912 2141 1993 in·

558 2050 775 2166 aequalia,
808 2049 1019 2134 nonnulla
1044 2048 1208 2137 sterilia
1240 2078 1340 2133 raro
1367 2044 1629 2133 deficientia.
1670 2047 1905 2132 Fertilium
1936 2049 2139 2135 antherae

558 2190 798 2302 oblongae,
831 2212 1063 2294 curvatae,
1106 2213 1338 2293 rostratae,
1381 2192 1501 2300 apice
1526 2191 1643 2299 poris
1672 2183 1939 2271 dehiscentes.
2000 2188 2141 2300 Legu-

558 2361 660 2417 men
691 2332 874 2416 varium
2172 2438 2182 2444 α

675 2472 712 2555 F
718 2495 899 2575 rutrces
925 2471 1103 2585 stipulis
1133 2472 1392 2557 soliolorum
1420 2469 1587 2554 ratione
1615 2469 1787 2583 parvis,
1818 2470 1986 2582 saepius
2019 2466 2140 2555 deci-

558 2611 681 2716 duis,
713 2607 898 2727 floribus
922 2614 1091 2726 saepius
1123 2614 1372 2725 racemosis.

670 2750 768 2862 Huc
800 2754 1020 2863 pertinent
1045 2752 1299 2858 Colladonii
1319 2753 1463 2840 Sectio
1495 2751 1646 2855 altera,
1683 2750 2025 2868 Chamaeflstulu,
2059 2776 2139 2837 ter·

556 2892 643 2995 tia,
676 2878 933 3002 Herpetica,
964 2917 1144 3007 quarta,
1177 2894 1349 2994 senna,
1381 2894 1557 3011 quinta,
1592 2891 1935 2991 Chamoesenna,
1965 2916 2008 2977 et
2040 2893 2135 2977 Cas-

555 3012 631 3113 siu¹
650 3028 894 3129 bacillurt'r,
936 3061 1048 3145 quae
1079 3030 1161 3115 hoc
1193 3063 1325 3145 genus
1363 3063 1462 3118 cum
1495 3033 1774 3119 antecedente
1801 3034 1963 3145 iungit.
2034 3033 2139 3133 Cqs-

554 3174 661 3256 sr'am
683 3168 946 3283 cytirot'dem,
977 3200 1108 3288 quam
1132 3172 1194 3255 'in
1225 3172 1441 3287 peculiari
1472 3182 1661 3261 sectione
1694 3176 1964 3260 enumeravit
1995 3173 2140 3258 Colla·

556 3308 670 3416 don,
713 3336 757 3396 et
795 3312 841 3395 in
877 3335 1100 3426 posterum
1136 3311 1281 3399 forsan
1318 3345 1400 3429 pro
1443 3345 1599 3427 genere
1643 3315 1858 3428 peculiari
1898 3313 2140 3399 habendam

556 3479 645 3535 esse
673 3452 847 3554 asserit,
878 3482 966 3537 non
997 3455 1127 3560 novi,
1154 3460 1231 3565 ‘exv
1253 3457 1376 3543 icone
1409 3476 1452 3541 et
1487 3456 1780 3569 descriptione
1814 3479 1959 3541 autem
1993 3456 2141 3567 genui·

531 3601 657 3674 'nam
683 3589 854 3677 Cassiae
889 3594 1078 3704 speciem
1112 3624 1227 3699 esse,
1268 3598 1469 3714 sequenti
1507 3596 1655 3708 generi
1696 3598 1992 3711 proximam,
2018 3619 2139 3680 autu·

556 3759 735 3817 marem.
1521 3834 1531 3843 ἱ

667 3873 893 3987 Legumen
951 3876 1199 3965 Cassiorum
1252 3879 1437 3969 mirifice
1486 3882 1627 3968 variat
1677 3902 1767 3967 tum
1816 3880 1957 3966 forma
1978 3942 1991 3984 ,
2046 3902 2137 3963 tum

550 4013 821 4120 substantia,
881 4042 974 4104 tum
1030 4024 1199 4108 interna
1253 4024 1454 4128 fabrica,
1506 4046 1599 4108 tum
1645 4024 1715 4109 vel.
1761 4022 2047 4107 dehiscentia
2070 4020 2139 4104 vel

428 4155 430 4158 ’
549 4180 761 4270 perpetua
805 4160 1076 4245 valvularum
1124 4163 1430 4267 cohaerentia,
1479 4187 1570 4248 tum
1622 4162 1814 4279 denique
1860 4162 2019 4276 pulpae
2068 4160 2138 4245 vel

549 4300 793 4409 praesentia
840 4300 909 4385 vel
959 4301 1186 4410 absentia;
1243 4306 1359 4390 unde
1410 4310 1641 4420 sequitur,
1694 4334 1774 4391 uec
1820 4334 1977 4417 genera
2036 4302 2138 4389 Cas·

549 4436 636 4519 siae
695 4439 932 4549 proxima,
992 4443 1135 4556 qualis
1186 4467 1249 4529 est
1302 4444 1697 4559 Cathartocarpus,
1757 4443 1903 4531 fructu
1960 4443 2137 4529 fundari

548 4604 686 4686 posse.
785 4678 789 4685 ι

668 4718 695 4774 l*
714 4720 742 4777 ⁴*
761 4722 788 4778 i
818 4722 1148 4811 Curutecursrt
1176 4728 1378 4814 Moench.

667 4854 805 4968 Calyx
835 4864 1255 4981 quinquepartitus,
1270 4894 1447 4971 acutus,
1479 4873 1761 4955 aestivatione
1788 4865 1985 4952 calvata
2047 4864 2134 4951 Co-

549 4994 661 5083 rolla
690 5003 980 5116 pentapetala,
1004 5004 1322 5120 subregularis.
1376 5010 1652 5099 Stamina5·
1630 5041 1727 5125 -7-
1705 5040 1791 5095 -to
1817 5007 1990 5095 fertilia.
2051 5004 2133 5091 An
