4809 6142
811 592 970 666 Phrttoe
1002 582 1299 667 caramentes.
1688 625 1690 636 ·
1783 592 1858 672 805

265 840 313 894 so
331 859 348 876 ·
367 806 649 920 geniculatus.
720 804 847 891 Folia
891 805 1146 908 subreflexa.
1214 804 1409 891 Pe'tiolus
1450 826 1593 910 teres,
1637 808 1853 915 sulcatus,

265 952 481 1053 muricus,
529 947 814 1063 bipollicaris.
865 948 1055 1035 ‘Foliola
1088 977 1218 1062 supra
1255 947 1464 1051 nitentia,
1504 948 1655 1032 subtus
1691 948 1858 1057 glauce-

264 1094 454 1197 scentia,
495 1118 653 1201 parum
679 1090 935 1175 acuminata.
1000 1090 1193 1203 Stipulae
1226 1087 1467 1192 subulatae,
1501 1088 1729 1173 deciduae.
1777 1090 1895 1175 aa·

266 1234 380 1317 cami
405 1252 806 1343 erecto-patentes,
840 1234 1024 1344 petiolos
1056 1228 1385 1344 subsequentes.
1434 1229 1646 1314 Pedicelli
1679 1229 1857 1345 quadri·

264 1370 444 1474 sulcati,
478 1370 642 1473 erecti,
677 1368 853 1454 demum
888 1370 1109 1482 elongati,
1143 1370 1386 1456 divaricari.
1447 1370 1651 1456 Bracteae
1680 1373 1856 1458 lineari·

264 1512 553 1628 lanceolam,
588 1540 827 1615 concavae,
862 1510 1090 1596 deciduae.
1151 1508 1324 1623 Calycis
1352 1509 1538 1595 laciniae
1571 1508 1854 1622 oblongo-el·

129 1736 140 1745 ,
263 1654 466 1767 lipticae,
500 1654 828 1759 obtusissimae,
859 1651 1159 1769 subaequales.
1220 1651 1366 1736 Petale
1392 1652 1593 1756 obovata,
1625 1653 1852 1756 trinervia,

263 1799 462 1906 superius
495 1792 647 1876 decem
688 1793 823 1878 lineas
855 1795 1059 1906 longum,
1103 1795 1275 1910 reliqua
1306 1794 1464 1879 sensim
1502 1793 1686 1877 minora.
1760 1794 1855 1877 Sta-

263 1939 384 2019 mina
424 1960 614 2057 septem,
654 1934 843 2041 fertilia,
890 1935 1200 2052 subaequalia,
1243 1936 1409 2038 sterilia
1440 1934 1573 2019 nulla.
1636 1932 1854 2020 Antberae

267 2079 476 2179 adnatae,
520 2076 759 2186 oblongae,
810 2072 1043 2178 incurvae,
1089 2076 1291 2186 glabrae,
1338 2075 1581 2159 uncinatim
1619 2092 1851 2178 rostratae,

265 2222 387 2331 apice
439 2216 557 2328 poris
605 2214 887 2300 dehiscentes.
945 2219 1158 2335 'German
1212 2215 1461 2316 hirsutum,
1508 2217 1851 2329 teretiusculum.

263 2358 476 2441 Fructum
510 2386 596 2437 non
624 2356 732 2440 vidi.
1005 2451 1008 2455 ,

382 2496 635 2581 observatio
666 2494 703 2577 I.
773 2496 876 2579 lcon
913 2496 1109 2598 laudata,
1154 2497 1354 2611 quamvis
1389 2494 1538 2598 rudis,
1579 2520 1622 2581 et
1655 2503 1852 2615 quamvis

263 2640 473 2723 foliorum
515 2636 656 2721 forma
691 2638 871 2721 minime
904 2637 1112 2722 naturalis
1140 2637 1222 2741 sit,
1266 2660 1411 2722 tamen
1446 2636 1502 2720 ob
1535 2637 1702 2721 caulem
1735 2641 1854 2750 geni·

218 2772 230 2785 ⁸
264 2779 487 2880 colatum,
516 2765 638 2860 'huic
670 2778 824 2863 unicae
848 2777 1041 2891 speciei,
1079 2800 1295 2893 quantum
1320 2776 1410 2862 scio
1425 2840 1439 2881 ,
1477 2776 1735 2891 proprium,
1768 2776 1852 2863 huc

263 2921 484 3034 pertinere
508 2917 697 3003 videtur.

318 3085 326 3104 ·
387 3058 636 3142 Obsemotio
663 3056 725 3140 ΙΙ.
784 3056 1121 3143 Memorabilem
1160 3059 1289 3145 huius
1330 3060 1607 3161 varietatem,
1652 3060 1854 3172 partibus

266 3201 469 3284 omnibus
494 3228 633 3316 usque
662 3198 717 3282 ad
743 3184 1009 3283 exteriorem
1037 3199 1194 3313 calycis
1224 3199 1558 3315 petalorumque
1586 3198 1742 3284 faciem
1774 3232 1854 3315 pu·

263 3340 541 3425 bescentibus
555 3402 568 3443 ,
602 3340 767 3429 foliolis
794 3341 943 3453 paullo
972 3342 1318 3450 angrrstioribus,
1363 3342 1498 3424 acutis
1523 3368 1604 3426 nec
1632 3342 1851 3427 acumina·

263 3484 339 3587 tis,
372 3483 584 3567 Panamae
616 3482 720 3593 legit
749 3483 899 3568 beatus
925 3484 1116 3571 Haenke.
1198 3489 1202 3496 ’

384 3625 635 3710 observatio
663 3624 747 3709 Ill.
807 3625 982 3711 Cassiae
1010 3654 1143 3738 genus
1173 3623 1475 3708 Linnaeauum
1506 3623 1551 3706 in
1584 3650 1741 3733 genera
1773 3624 1855 3706 tria

264 3796 366 3850 vere
401 3767 614 3850 naturalia
651 3764 944 3849 dividendum
978 3766 1087 3848 mihi
1124 3763 1321 3864 videtur,
1362 3792 1553 3878 quorum
1588 3762 1857 3847 characteres
1938 3764 1944 3773 ”

221 3939 230 3953 ‘
264 3907 465 4017 primarii
494 3906 539 3986 in
568 3905 846 3989 enthecarum
879 3913 1096 3990 structura
1131 3903 1377 4019 calycisque
1412 3903 1691 3989 aestivatione
1725 3931 1874 4017 quae.
1984 3946 1987 3957 =

265 4043 392 4127 rendi
420 4070 535 4148 sunt,
569 4044 819 4130 secundarii
845 4069 889 4131 et
915 4048 1059 4129 minus
1088 4046 1196 4128 certi
1224 4046 1269 4125 iu
1297 4043 1530 4155 leguminis
1557 4042 1699 4125 forma
1727 4065 1770 4126 et
1795 4042 1857 4125 fa·

265 4184 413 4292 brica,
447 4187 492 4269 in
525 4186 874 4290 inflorescentia,
909 4211 952 4272 ct
983 4188 1042 4270 in·
1069 4186 1327 4298 stipularum
1357 4214 1453 4267 cum
1485 4182 1651 4266 foliolis
1681 4210 1854 4295 compa·

269 4347 459 4408 ratarum
488 4330 811 4438 magnitudine,
842 4350 892 4412 ut
914 4330 1064 4440 paucis
1095 4326 1166 4409 hic
1194 4356 1410 4438 exponere
1439 4323 1620 4408 iuvabit.

381 4467 410 4522 ¹¹¹
430 4457 821 4553 Crrum‘rocmms
852 4468 968 4552 Pers.
996 4451 1371 4580 (Bac‘tyritobium
1398 4461 1590 4579 Willd.)

383 4604 520 4716 Calyx
558 4597 965 4725 quinquepartitus,
1008 4590 1220 4725 obtusus,
1268 4608 1546 4693 aestivatione
1587 4602 1850 4687 involvente.

266 4745 446 4830 Corolla
478 4749 766 4860 pentapetala,
793 4751 1100 4863 subregularis.
1150 4748 1343 4835 Stamina
1372 4747 1547 4846 decem,
1578 4742 1758 4845 fartilia,
1788 4742 1854 4823 in-

267 4886 490 5001 aequalia,
542 4890 731 4974 anther'is
765 4895 900 4976 ovatis
932 4893 1095 4977 obtusis
1127 4886 1495 5005 longitudinoliter
1532 4880 1849 4968 deducentibus

265 5026 490 5140 L'e‘gumen
523 5054 651 5135 teres,
679 5062 767 5116 non
798 5033 1042 5138 dehiscens,
1070 5034 1332 5136 loculosum,
1363 5027 1498 5145 pulpa
1524 5026 1731 5113 farctum.
1851 5072 1859 5087 =
