4809 6142
745 538 793 609 de
817 534 1022 614 dentitione
1047 534 1129 610 orio
1153 534 1388 608 domesticae.
1440 531 1443 538 ⁴
1534 501 1538 504 .
1784 539 1856 616 705

264 753 415 876 paullo
452 753 626 869 longior
665 756 797 843 etiam
834 754 1037 872 priorum
1077 750 1278 840 dentium
1321 751 1561 839 lacteorum
1601 753 1657 838 sit
1696 778 1850 857 mora,

266 901 446 984 ineunte
488 919 631 983 tamen
671 902 797 982 tertio
836 926 951 982 anno
991 902 1132 981 omnis
1162 926 1334 1012 semper
1365 924 1733 1013 quorumcunque
1767 922 1857 978 mo·

267 1039 429 1124 larium
459 1038 634 1152 eruptio
661 1036 859 1144 absoluta
890 1068 980 1124 esse
1012 1040 1267 1146 consuerit;
1300 1062 1349 1124 ut
1379 1039 1550 1124 nullum
1577 1037 1766 1153 amplius
1790 1065 1855 1123 se·

268 1182 385 1266 riore
414 1177 602 1294 periodo
632 1179 771 1293 possis
801 1204 1063 1293 exspectare.

383 1319 521 1434 Igitur
552 1321 598 1404 in
631 1319 885 1406 dentitionis
916 1350 1049 1434 opere
1085 1322 1151 1407 nil
1182 1322 1405 1438 reliquum
1439 1321 1549 1426 iam,
1588 1349 1725 1438 quam.
1752 1320 1859 1406 inci·

207 1544 210 1548 Α
268 1466 463 1552 sivorum
517 1464 812 1579 complurium
860 1464 1181 1568 serotinorum,
1235 1492 1427 1580 quorum
1475 1463 1587 1546 meri
1640 1462 1858 1576 primores

268 1606 493 1720 hueusque
525 1628 769 1711 emersere,
811 1606 1013 1720 erupti03
1046 1635 1158 1723 quae
1188 1606 1248 1690 ita
1277 1636 1321 1690 se
1358 1602 1516 1708 habet,
1548 1625 1597 1688 ut

392 1750 523 1832 tertio
563 1778 678 1833 anuo
721 1747 982 1834 decurrente
1015 1746 1187 1832 incisivi
1220 1742 1356 1830 medii
1379 1743 1540 1828 interni
1564 1739 1743 1828 decidui
1766 1744 1860 1830 bini

270 1891 553 1979 restituantur
583 1891 769 1978 totidem
799 1889 945 1978 mediis
974 1892 1152 1976 internis
1178 1889 1394 1994 serotinis3
1671 1886 1674 1892 ’

389 2035 537 2151 quarti
580 2033 743 2120 deinde
776 2038 879 2122 anni
911 2065 1043 2120 cursu
1072 2028 1200 2117 medii
1228 2033 1399 2116 externi·
1425 2031 1601 2115 serotini
1629 2057 1860 2146 erumpen-

271 2196 333 2260 tes
359 2175 559 2291 praevios
585 2174 774 2260 caducos
806 2175 1051 2289 expellan13

388 2315 533 2438 quinti
593 2314 787 2434 denique
832 2318 935 2401 anni
982 2315 1206 2400 curriculo
1255 2314 1431 2400 incisivi
1469 2312 1626 2402 caduci
1664 2313 1867 2403 laterales
1989 2427 1992 2432 Ι

231 2499 234 2502 ⁴
274 2454 433 2544 cedant
462 2457 783 2570 emergentibus
815 2461 1010 2545 serotinis
1040 2456 1310 2564 lateralibus5
1341 2487 1441 2574 quo
1462 2455 1577 2548 forro
1597 2458 1739 2548 omnis
1761 2454 1867 2542 den·

275 2598 384 2687 tium
416 2599 630 2684 successio
661 2629 741 2713 per
770 2599 907 2683 uitam
936 2599 1033 2683 ovis
1068 2597 1263 2681 absoluta
1295 2620 1370 2681 est.

390 2736 552 2851 Restat,
585 2739 635 2824 ut
665 2769 842 2825 omnem
873 2739 982 2824 hanc
1015 2738 1276 2825 dentitionis
1305 2739 1464 2826 ovillas
1504 2738 1728 2825 historiam
1764 2767 1865 2826 con-

276 2878 395 2995 gruis
424 2875 577 2992 figuris
609 2879 652 2964 in
686 2904 920 2995 conspectu
950 2910 1129 2994 ponam,
1161 2880 1341 2998 quodsi
1373 2883 1572 2989 fecerim,
1606 2883 1752 2968 nullus
1785 2882 1866 2968 du·

275 3023 395 3130 bito,
441 3021 527 3107 alia
568 3021 791 3140 quaelibet
829 3045 1082 3136 argumenta
1129 3021 1194 3107 ad‘
1224 3022 1668 3130 tuendaobservata,
1710 3023 1780 3109 vel
1809 3021 1866 3110 ad

277 3163 627 3252 corroborandas
658 3165 886 3279 opiniones
920 3164 1022 3250 inde
1055 3187 1173 3250 natas
1204 3187 1246 3250 et
1276 3196 1405 3280 supra
1436 3167 1655 3280 expositas.
1682 3189 1863 3270 nostras,

238 3290 240 3293 ⁵
274 3304 493 3422 superflua
534 3336 658 3420 posse
700 3303 901 3392 iudicari.
962 3305 1105 3416 Quem
1144 3308 1190 3389 in
1230 3302 1363 3392 finem
1396 3337 1417 3389 a
1450 3308 1542 3420 Fig.
1575 3301 1639 3392 a&
1669 3305 1865 3392 Tabulae

274 3443 415 3532 LVII
438 3457 472 3494 “⁶
503 3443 559 3529 ad
592 3444 690 3557 Fig.
721 3461 818 3559 pm·
858 3443 966 3530 Tab.
1001 3442 1227 3532 Hypsas„
1270 3447 1470 3533 maxillae
1516 3448 1650 3532 lature
1690 3445 1865 3532 sinistro

232 3626 234 3629 ·
275 3585 528 3673 dentitionis
564 3585 772 3700 periodos
811 3587 871 3670 ita
903 3589 1108 3704 exposui,
1156 3610 1228 3692 ut,
1270 3589 1471 3674 maxillae
1515 3587 1682 3675 ambitu
1711 3589 1866 3675 leviter

274 3727 554 3813 solummodo
587 3728 937 3842 circumscripto,
972 3759 1083 3846 quae
1116 3728 1315 3819 dentium
1339 3758 1437 3844 pars
1456 3729 1656 3848 quolibet
1671 3752 1866 3844 tempore

275 3898 406 3982 supra
436 3869 677 3978 marginem
709 3868 970 3955 alveolarem
1002 3870 1193 3956 emineat
1223 3870 1297 3957 vel·
1321 3871 1487 3979 subtus,
1535 3871 1589 3960 iu·
1612 3869 1771 3961 alveoli
1801 3899 1867 3960 ca·

277 4035 350 4116 ro,
382 4005 538 4113 lateat,
580 4005 855 4096 indicassem.
968 4109 971 4113 φ

310 4431 315 4434 -
406 4345 698 4494 Explicatio
741 4350 1058 4493 figurarum,
1115 4352 1186 4462 ad
1227 4349 1581 4467 dentitionem
1627 4360 1733 4468 ovis

917 4519 1239 4672 iacientium.

277 4717 382 4809 Ten.
414 4721 566 4836 LVlll.
607 4723 643 4810 F
647 4755 704 4811 ro.
730 4758 767 4811 a.
826 4705 1037 4814 Dentium
1065 4750 1300 4846 apparatus
1328 4763 1386 4820 esc
1416 4731 1615 4851 agniculo
1645 4736 1842 4820 semestri.

326 4923 362 4972 o.
389 4893 421 4975 b.
448 4924 478 4976 c.
506 4902 541 4977 ri.
593 4903 737 4981 Dentes
762 4903 911 4982 incisivi
936 4907 1050 4982 lactei
1078 4907 1284 5010 quaterni,
1320 4932 1435 5014 supra
1471 4907 1684 5010 marginem
1714 4904 1875 4984 alveola-

478 5029 559 5101 rem
584 5027 794 5106 eminentes
817 5047 857 5105 et
880 5030 1105 5135 paullulum
1130 5027 1285 5123 detriti,
1313 5029 1362 5106 ad
1388 5028 1557 5107 radicem
1583 5029 1673 5107 cari.
