4809 6142
567 473 641 550 858
896 432 899 437 .
1083 471 1114 541 t.
1165 470 1640 564 Fascnnaun,

693 686 893 774 Granum
926 706 1070 771 autem
1106 688 1316 794 rutilum,
1355 690 1417 793 si,
1459 718 1559 774 cum
1599 680 1815 771 diffissum
1848 704 1932 789 est,
1978 680 2189 768 eundem
2324 680 2325 735 l

582 830 775 914 colorem
796 827 1056 912 interiorem
1080 826 1227 932 habet,
1261 830 1479 942 integrum
1501 858 1590 914 esse
1617 856 1704 911 non
1727 824 1990 911 dubitamus.
2033 820 2193 933 Quod

582 971 848 1057 extrinsecus
879 967 1105 1075 albidum,
1147 970 1263 1055 intus
1293 970 1426 1057 etiam
1457 971 1725 1086 conspicitur
1762 966 2026 1073 candidum,
2075 966 2191 1053 leve

584 1142 632 1197 ac
668 1141 829 1197 vanum
868 1112 1055 1224 intelligi
1093 1110 1309 1223 debelii).
1379 1113 1598 1227 Didymus
1638 1113 1693 1200 de
1732 1111 1971 1199 seminibus
2014 1106 2186 1195 refert:

567 1254 778 1366 Quidam
804 1254 864 1339 ad
890 1254 1160 1376 fertilitatem
1192 1256 1394 1342 conferre
1427 1254 1631 1360 tradunt,
1663 1276 1713 1339 ut
1737 1251 1902 1338 semina
1930 1253 1974 1335 in
2003 1272 2187 1335 contra·

582 1400 673 1483 rios
701 1397 821 1483 locos
851 1420 1077 1506 serantur3
1119 1397 1240 1483 velut
1269 1430 1321 1484 ex
1351 1399 1567 1484 montanis
1599 1398 1645 1482 in
1678 1417 1961 1509 campestres,
2003 1424 2055 1478 ex
2092 1391 2187 1475 hu-

567 1537 718 1625 ·midis
744 1541 791 1626 in
815 1540 981 1646 siccos,
1014 1563 1058 1625 et
1084 1542 1177 1625 vice
1204 1569 1338 1627 versa.
1399 1540 1504 1627 Esse
1538 1542 1656 1628 enim
1683 1539 2006 1626 contrariorum
2040 1564 2185 1649 appe-

585 1682 716 1767 titum
752 1709 890 1799 aeque
922 1686 967 1765 in
998 1680 1237 1767 seminibus
1271 1712 1320 1767 ac
1352 1684 1396 1767 in
1428 1706 1558 1770 terra.
1630 1680 1766 1792 Quod
1804 1702 1948 1765 tamen
1978 1680 2041 1763 sic
2072 1672 2184 1763 liert

560 1846 781 1940 ··0portet,
822 1847 872 1910 ut
904 1855 956 1909 ex
988 1823 1280 1911 deterioribus
1316 1828 1363 1911 in
1395 1826 1599 1912 meliores
1626 1820 1962 1925 transferamus}
2004 1850 2093 1905 uon
2121 1850 2182 1904 ex

583 1965 970 2080 praestantioribus
1001 1966 1047 2049 in
1077 1966 1252 2080 peiores
1272 1962 1357 2082 aar),
1420 1966 1503 2050 Hic
1536 1964 1694 2055 referri
1728 1986 1792 2049 est
1824 1962 1958 2049 Plinii
1994 1990 2180 2077 praecc-

583 2131 724 2222 ptum,
761 2106 894 2197 »Non
920 2107 1275 2194 transferendum
1305 2130 1369 2195 est
1396 2138 1450 2194 ex
1479 2105 1652 2219 frigidis
1678 2106 1787 2191 locis
1817 2132 1963 2190 semen
1995 2104 2042 2187 in
2073 2102 2179 2187 cali-

586 2248 670 2351 da,
710 2280 853 2365 neque
892 2280 945 2334 ex
984 2249 1269 2364 praecocibus
1310 2249 1357 2329 in
1396 2248 1613 2349 serotina,
1652 2244 1786 2360 idque
1824 2246 1869 2328 in
1901 2244 2175 2329 contrarium

582 2421 847 2506 praecepere
885 2391 1068 2506 qnidam
1100 2392 1208 2475 falsa
1248 2388 1476 2502 diligentia
1496 2382 1607 2506 aaa),
1848 2374 1863 2382 ⁸

702 2532 879 2617 Semina
906 2533 969 2617 sic
1005 2533 1117 2619 bene
1149 2533 1289 2639 lecta,
1333 2532 1512 2620 condita
1540 2562 1588 2618 ae
1619 2554 1875 2649 praeparata
1905 2554 2047 2618 terrae
2078 2556 2177 2617 tan»

584 2674 687 2763 dem
731 2675 903 2792 antiqui
943 2674 1219 2761 mandarunt.
1289 2677 1440 2763 Multis
1477 2700 1571 2762 turn
1611 2674 1754 2761 modis
1794 2673 1970 2765 serendi
2005 2672 2175 2761 deinde

581 2818 650 2903 nsi
678 2840 804 2921 sunt,
821 2816 998 2934 ‘quibus
1025 2846 1204 2931 magnae
1235 2821 1452 2906 seminum
1483 2818 1759 2907 multitudini
1786 2841 2028 2933 parcerent.
2073 2818 2178 2903 Sata

581 2958 650 3043 vel
680 2962 823 3044 statim
855 2961 901 3043 in
939 2960 1042 3044 liras
1075 2986 1358 3067 revocarunt,
1407 2998 1467 3051 ne·
1495 2964 1586 3051 sole
1624 2985 1817 3051 torrente
1859 2962 2174 3067 educerentur,

582 3125 657 3187 aut
690 3100 743 3186 ab
783 3100 1049 3187 animalibus
1084 3104 1377 3219 subterraneis
1416 3104 1759 3205 devorarentur,
1802 3103 1873 3189 vel
1908 3127 2022 3189 sator
2056 3105 2177 3190 inter

575 3242 724 3329 sulcos
766 3243 861 3329 iens
899 3244 1065 3330 semina
1096 3246 1314 3361 ponebat,
1359 3248 1493 3335 veluti
1526 3279 1602 3334 nos
1633 3250 1727 3366 pisa
1760 3248 1982 3335 nostruin
2015 3248 2174 3354 hortis,

582 3406 627 3471 et
652 3383 812 3471 deinde
845 3384 910 3470 bis
941 3409 1102 3471 terram
1133 3388 1415 3495 admovebat-3
1448 3386 1519 3473 vel
1548 3418 1626 3502 per
1656 3390 1920 3503 proscissum
1952 3387 2178 3501 ingredie-

579 3526 735 3628 batur,
768 3548 812 3609 et
838 3529 901 3610 sic
926 3528 1093 3612 semina
1119 3553 1261 3615 terrae
1289 3526 1604 3632 contradebat,
1639 3558 1741 3614 cum
1769 3530 1966 3617 aratrumv
1984 3560 2174 3646 sequens

579 3667 687 3751 baec
717 3664 854 3749 burno
882 3665 1092 3757 obrueret
1110 3664 1173 3784 †).
1235 3668 1296 3756 Ut
1324 3674 1490 3753 semina
1509 3668 1679 3755 'melius
1711 3670 2043 3785 responderent,
2073 3671 2177 3759 ber·-

578 3807 750 3923 baeque
791 3806 1141 3915 suffocarentur,
1198 3834 1287 3897 sata
1335 3840 1437 3895 cum·
1477 3813 1619 3898 sulcos
1654 3816 1928 3901 contexerint
1966 3817 2175 3931 pluribus

578 3948 826 4034 sortitionis
857 3952 1214 4069 runca-tionisque
1253 3953 1557 4040 iterationibus
1591 3985 1615 4039 a
1649 3958 1802 4069 priscis
1833 3988 2036 4071 agrorum
2076 3962 2179 4045 cul-

579 4089 747 4175 toribus
778 4116 879 4177 sunt
908 4117 1103 4207 purgata.
1167 4094 1471 4211 Triticumque
1507 4118 1550 4180 et
1575 4094 1814 4205 adoreum,
1848 4097 2063 4183 referente
2083 4096 2176 4183 Co·

577 4233 789 4339 lumella,
820 4266 919 4322 cum
947 4261 1137 4356 quatuor
1163 4234 1296 4325 fibras
1326 4236 1492 4325 habere¹
1520 4240 1773 4353 coeperint,
1814 4236 2022 4344 ordeum,
2064 4269 2177 4326 cum

638 4510 666 4588 ⁸)
688 4512 760 4575 Col.
782 4513 822 4578 de
843 4514 881 4579 lb
904 4514 942 4581 Il.
963 4512 1029 4595 lt,
1057 4536 1088 4599 9.
1114 4538 1160 4580 ro.

615 4618 663 4696 “l
685 4622 864 4707 Geoponic.
885 4622 944 4691 lib.
961 4622 1028 4707 11,
1057 4646 1126 4711 cup.
1144 4648 1189 4709 ¹t·

593 4725 658 4805 m)
680 4726 760 4795 Hist.
784 4740 848 4791 nat.
865 4729 1019 4812 xvlll,
1042 4732 1092 4812 24.

623 4837 659 4914 ᾖ)
680 4832 756 4898 Vid
777 4838 961 4904 Columella
981 4838 1022 4904 de
1045 4862 1082 4904 re
1102 4842 1224 4907 rustica
1244 4842 1301 4909 lib.
1315 4842 1374 4927 tt,
1398 4846 1508 4935 cap-f,
1550 4845 1669 4915 Gonfr..
1686 4845 1786 4911 cust.
1809 4842 1981 4913 ll'r‘cbultr’s
1997 4842 2175 4909 Besclrrci'-

695 4941 781 5024 hung
799 4962 858 5009 von
878 4946 1042 5024 Arabica,
1061 4969 1137 5035 pag.
1155 4952 1228 5035 ¹⁵t··
