4809 6142
811 602 971 676 Plumae
1002 602 1300 678 aminneam.
1772 604 1840 686 tat

271 817 421 920 colati,
454 813 740 902 intermedius
765 815 1232 935 subsesquipollicaris,
1266 817 1465 905 laterales
1496 839 1686 935 quatuor
1716 814 1852 904 lineas

217 1051 223 1064 ,
273 960 407 1068 longi.
475 959 950 1062 Floras-terminales,
988 984 1082 1046 tum
1116 961 1161 1045 in
1200 960 1295 1073 ipso
1316 958 1446 1048 caule
1482 957 1596 1043 intra
1631 985 1851 1046 ramorum

273 1099 586 1184 dichotomiam
618 1081 816 1208 (alares),
869 1123 962 1184 tum
989 1101 1034 1184 in
1069 1100 1229 1184 horum
1260 1098 1458 1212 apicibus
1488 1096 1852 1186 fasciculam-co-

274 1240 479 1354 rymbosi.
546 1238 790 1348 Pedunculi
821 1245 1039 1353 oppositi,
1074 1241 1293 1342 conserti,
1324 1240 1682 1354 semipollicares.
1744 1239 1852 1324 Bra-

272 1406 391 1466 cteae
423 1380 624 1485 lineares,
655 1379 862 1486 obtusae3
890 1382 1109 1468 solitariae
1143 1381 1198 1464 ed
1230 1381 1351 1465 basin
1382 1379 1753 1494 pedunculorum,
1787 1382 1853 1464 iis.

272 1533 358 1636 que
388 1549 543 1634 parum
575 1519 822 1622 breviores,
856 1519 984 1605 binae
1018 1519 1211 1604 minores
1241 1522 1287 1603 in
1319 1521 1412 1633 ipso
1443 1517 1712 1632 pedunculo.
1774 1517 1854 1602 Ca·

272 1662 374 1772 lyx,
415 1683 463 1744 ut
499 1662 631 1745 etiem
668 1637 894 1761 bracteae,
933 1659 1131 1776 lepidoto
1154 1699 1169 1714 ·
1191 1680 1490 1771 exasperatus,
1538 1658 1851 1770 complanatus,

272 1800 453 1915 oblique
480 1798 659 1899 affixus,
691 1799 952 1906 bilabiatus,
1000 1799 1131 1887 labiis
1165 1798 1407 1886 rotundatis
1439 1797 1724 1885 obtusissimis
1757 1797 1856 1884 bre·

272 1940 445 2026 vissime
473 1942 724 2054 spiculatis,
765 1943 901 2029 altero
933 1972 1090 2056 parum
1124 1940 1338 2052 longiore.
1399 1939 1581 2026 Corolia
1611 1936 1852 2053 sesquipol·

273 2082 436 2184 licaris,
463 2083 744 2192 glaberrima‚
778 2084 915 2170 limbo
948 2082 1273 2199 quinquelobo‚
1307 2081 1419 2169 lobis
1453 2081 1711 2166 rotundatis.
1762 2078 1853 2163 Sta·

273 2221 441 2304 minum
485 2251 563 2332 per
606 2221 777 2332 longius
820 2222 926 2306 tubo
967 2252 1121 2334 parum
1164 2221 1355 2307 brevius.
1414 2220 1630 2305 Antherae
1662 2218 1850 2332 glabrae.

273 2361 435 2472 Stigma
465 2358 689 2464 bilobum‚
730 2360 841 2444 lobis
872 2361 1052 2446 obtusis.
1115 2361 1329 2447 Fructum
1361 2391 1447 2444 non
1480 2360 1598 2444 vidi..

393 2500 659 2584 Observatio.
736 2505 945 2616 Bignonia
975 2502 1211 2618 fluviatilis
1254 2501 1389 2586 Anbl.
1431 2523 1494 2586 est
1536 2501 1682 2612 planta
1726 2500 1851 2585 valde

275 2640 410 2724 dubia
450 2659 518 2740 et,
564 2640 611 2723 ni
643 2647 812 2754 egregie
853 2643 1008 2744 fallor,
1052 2669 1189 2756 aeque
1221 2671 1271 2725 ac
1302 2641 1410 2726 aliae
1436 2639 1634 2726 eiusdem
1665 2641 1852 2726 auctoris

276 2780 466 2892 species,
508 2809 561 2862 ex
598 2779 766 2866 duabus
798 2780 1100 2869 diversissimis
1129 2780 1355 2894 speciebus
1387 2783 1639 2895 composita.
1703 2780 1851 2896 Usque

274 2919 333 3004 nd
384 2917 509 3001 flores
549 2944 636 3002 tam
679 2927 776 3006 icon
815 2953 944 3040 quarn
987 2921 1224 3034 descriptio
1266 2921 1525 3008 Aubletiana
1569 2944 1759 3006 nostram
1802 2925 1850 3008 B.

276 3057 505 3176 aquatilem
535 3064 799 3149 exactissime
830 3064 1093 3177 exprimunt.
1134 3061 1170 3145 F
1175 3064 1287 3148 lores
1317 3087 1461 3147 autem
1491 3063 1547 3146 ad
1577 3092 1700 3167 enm,
1722 3062 1849 3173 louge

278 3197 492 3282 diversam
540 3201 753 3313 speciem,
803 3205 1021 3316 pertinere
1061 3201 1304 3308 videntur,.
1346 3234 1503 3320 quam,
1556 3203 1731 3286 nomine
1763 3201 1852 3284 Au-

275 3335 468 3420 bletiano
499 3337 749 3426 dubitanter
780 3340 997 3454 adscripto
1007 3401 1021 3444 ,
1067 3342 1296 3457 descripsit
1330 3345 1386 3428 cl.
1417 3342 1476 3430 G.
1503 3343 1550 3429 F
1550 3405 1560 3425 .
1591 3345 1669 3434 W.
1695 3343 1853 3454 Meyer

277 3478 322 3557 in
358 3475 404 3556 fl.
448 3478 673 3593 essequeb.
707 3510 804 3592 pag.
833 3463 932 3567 arn.
965 3505 1008 3566 et
1036 3513 1209 3567 mecum
1242 3483 1454 3569 benevole
1497 3485 1848 3570 communicavit.

276 3612 448 3699 Eodem
486 3645 599 3700 anno
636 3614 824 3734 (1818.)
861 3622 1039 3705 tertiam·
1076 3623 1255 3736 iusuper
1290 3626 1502 3737 speciem,
1550 3625 1853 3710 ememoratis

276 3756 375 3837 satis
406 3753 649 3859 diversam,
688 3787 769 3869 pro
799 3761 849 3842 B.
872 3761 1083 3875 flutuutilt'
1110 3764 1241 3848 Anbl.
1275 3763 1502 3878 descripsit
1538 3765 1593 3850 cl.
1626 3763 1785 3850 Kunth
1805 3765 1852 3846 in

279 3920 380 3973 nov.
415 3921 511 4012 gen.
546 3914 589 3973 et
618 3921 681 4003 sp.
706 3893 780 3976 ΙΙΙ.
815 3925 912 4006 pag.
942 3899 1044 4003 1303
1088 3899 1165 3985 sed
1207 3926 1329 3987 caute
1369 3906 1651 4016 synonymiae
1695 3902 1855 3990 adiecit

279 4027 436 4114 verba:
487 4032 768 4116 »auctoritate
801 4033 1154 4122 Willdenowii.e
1217 4038 1304 4125 Sed
1336 4065 1378 4126 et
1408 4041 1512 4126 haec
1541 4043 1706 4156 species
1742 4045 1854 4127 notis
1925 4029 1929 4038 ¹

280 4164 397 4251 haud
426 4167 596 4255 levibus
627 4169 681 4254 ab
711 4172 836 4256 icone
878 4199 921 4262 et
956 4175 1250 4292 descriptione
1283 4180 1476 4268 Aubletii
1507 4183 1754 4298 discrepare
1786 4185 1854 4269 vi·
1931 4205 1934 4211 ’

280 4307 423 4392 detur.
485 4310 830 4402 Willdenowius
868 4339 1011 4401 autem
1046 4321 1240 4432 plantam
1270 4321 1574 4410 Aublctianam
1605 4355 1693 4409 non
1725 4323 1850 4410 vidit.

276 4447 486 4552 Accedit,
531 4451 654 4566 quod
685 4453 829 4566 plante
860 4453 1225 4566 Humboldtiana·,
1259 4493 1283 4547 a
1312 4463 1507 4551 Kunthio
1535 4465 1773 4578 descripta,
1807 4470 1852 4550 in

261 4591 530 4700 'regionibus
549 4591 917 4678 Orinoccensibus
948 4598 1057 4702 lecta
1090 4624 1177 4705 est,.
1200 4633 1302 4717 ergo
1332 4603 1458 4716 longe
1486 4605 1694 4690 remotius
1725 4635 1750 4688 a
1780 4637 1853 4718 pa·

283 4729 364 4812 tria
407 4731 575 4842 plantae
607 4734 918 4839 Aubletianae‚
960 4767 1095 4853 ,quam
1132 4763 1176 4828 ot
1205 4742 1570 4860 Essequeboensis
1606 4746 1692 4832 itta·
1713 4746 1770 4832 G.
1798 4747 1849 4830 F.

280 4867 359 4951 W.
396 4870 565 4982 Meyeri
596 4896 639 4956 et
668 4902 773 4958 mee·
794 4875 1127 4964 Su‘riuamensis.
1174 4881 1330 4968 ilatum
1361 4886 1494 4994 igitur
1525 4888 1663 4971 visum
1695 4911 1852 4992 est,.ne

280 5012 443 5121 species
475 5033 559 5096 tres
590 5011 935 5106 distinctissime
955 5017 1022 5103 ⁴in
1051 5041 1283 5132 purtsnum-
1309 5023 1669 5133 confundantur„
1698 5028 1851 5116 relicto
