4809 6142
1084 591 1126 704 L
1175 594 1525 686 Botrunni

533 1293 615 1392 De
645 1265 938 1392 dentitione
969 1281 1085 1414 ovis
1121 1283 1439 1393 domesticae
1473 1287 1730 1392 adversus
1767 1285 2122 1400 veterinarios

559 1462 563 1473 '
899 1435 908 1445 ”
1073 1472 1315 1557 auctores
1354 1454 1591 1599 disputat

834 1726 837 1730 ’
914 1725 1239 1796 1..u1t0v.
1301 1723 1745 1790 notanus.

1055 1945 1231 2044 (Vilnae,
1267 1927 1594 2043 30.Juu'1824.)

532 2187 708 2325 Nescio
748 2267 837 2354 quo
878 2267 978 2323 men
1018 2237 1181 2324 facturn
1223 2261 1284 2323 est
1328 2235 1445 2342 sato,
1491 2255 1568 2339 ut,
1618 2231 1722 2318 dum
1766 2234 1811 2317 iu
1858 2233 2117 2318 anatomicas

531 2378 683 2495 paullo
712 2377 879 2463 altioris
909 2375 1126 2489 indaginis
1164 2409 1232 2463 res
1267 2379 1572 2492 inquirerem,
1615 2407 1742 2490 saepe
1774 2375 1971 2478 abillis,
2009 2403 2119 2490 quae

452 2557 457 2564 ·
535 2523 656 2624 aliis,
700 2522 841 2637 iisque
878 2551 964 2604 non
1009 2519 1245 2604 mediocris
1288 2521 1556 2607 auctoritatis
1594 2519 1697 2624 viris
1730 2518 1819 2602 visa
1856 2517 1931 2626 vel-
1960 2543 2121 2630 propo·

403 2775 405 2781 Α
535 2665 616 2748 sita
647 2686 770 2764 sunt,
818 2659 1139 2776 discreparem,
1179 2684 1308 2776 atque
1348 2657 1457 2744 adeo
1500 2659 1542 2741 iu
1584 2657 1805 2772 placidum
1847 2682 2027 2741 naturae
2059 2656 2123 2738 in·

535 2799 808 2914 vestigandae
839 2831 947 2914 opus
982 2800 1069 2886 litis
1105 2803 1338 2886 seminium
1375 2799 1601 2918 quoddam
1638 2802 1945 2885 immiscerem.

649 2940 785 3051 Quod
814 2971 918 3028 vero
955 2941 1205 3027 inevitabile
1242 2943 1434 3047 malum,
1476 2944 1685 3058 quoniam
1721 2973 1808 3027 nou
1846 2941 1964 3026 ultro
1997 2968 2121 3052 expe·

537 3087 699 3188 titum,
744 3081 822 3169 sed
868 3113 968 3170 casu
1000 3081 1197 3168 oblatum
1231 3108 1372 3202 satque
1421 3084 1668 3171 urbanitate
1710 3085 1875 3196 corrigi
1923 3105 1967 3168 et
2005 3083 2119 3166 intra

536 3231 668 3335 iustos
701 3224 861 3311 limites
891 3226 1052 3338 poterit
1077 3225 1318 3330 contineri,
1355 3256 1443 3311 nou
1475 3249 1538 3313 est
1567 3256 1645 3313 cur
1678 3225 2003 3311 dissentientem
2032 3220 2122 3334 opi-

535 3374 710 3454 trionem
750 3370 793 3451 in
830 3366 1029 3451 medium
1064 3365 1265 3480 proferre
1302 3392 1458 3486 atquc,
1500 3373 1537 3455 si
1581 3399 1668 3488 qua
1703 3391 1820 3454 tanta
1862 3363 2019 3450 nostris
2056 3362 2121 3445 in-

475 3552 484 3578 ·
533 3507 836 3621 dagationibns
868 3507 933 3592 vis
972 3529 1081 3592 esset
1114 3530 1244 3624 atque
1277 3509 1540 3616 auctoritas,
1591 3509 1778 3594 nimium
1815 3511 1900 3592 iam
1950 3500 2120 3590 adultos

535 3683 707 3737 errores
741 3653 987 3764 corrigere,
1029 3650 1302 3736 haesitemus.

650 3791 740 3875 Iam
771 3820 875 3876 vero
915 3790 1053 3902 agitur
1087 3787 1141 3876 de
1168 3795 1257 3877 ovis
1282 3786 1537 3878 domesticae
1568 3787 1812 3878 dentitione.
1874 3793 2046 3904 Quam,
2072 3815 2122 3876 ut

534 3955 700 4016 taceam
738 3960 836 4033 eos,
894 3930 972 4046 qni
1015 3927 1158 4015 obiter
1205 3931 1380 4045 pridem
1426 3935 1535 4020 hanc
1580 3965 1672 4018 rem
1717 3957 1985 4039 tractavere,
2042 3933 2121 4018 cel.

536 4075 574 4158 1.
617 4068 782 4158 Girard
816 4071 953 4156 tusius
999 4073 1191 4187 primum
1226 4063 1443 4188 exponere
1484 4083 1699 4188 suscepit,
1738 4074 1853 4160 libro
1892 4075 2119 4196 inscripto.

535 4219 765 4302 Anetomie
799 4213 872 4300 des
907 4218 1117 4300 animone
1153 4213 1462 4340 domestiques,
1506 4223 1690 4309 &Puris
1726 4219 1860 4335 1807,
1902 4220 2027 4306 cuius
2060 4219 2121 4304 al·

541 4383 632 4442 tera
666 4356 803 4442 editio
836 4355 1003 4470 prodiit
1033 4355 1145 4441 ibid.
1172 4358 1436 4472 '1819—20.

652 4495 795 4608 Quem
829 4520 1049 4581 auctorem
1088 4523 1369 4613 praeeuntem
1408 4504 1670 4588 recentiores
1703 4501 1838 4587 secuti
1877 4523 1988 4586 sunt.
2050 4501 2119 4584 Iu-

535 4643 702 4728 dicasse
740 4637 931 4724 sufficiat
974 4640 1053 4724 cei.
1098 4639 1281 4726 Schwnb
1319 4643 1565 4752 (Lchrbncir
1612 4639 1653 4727 d.
1690 4642 1823 4727 Anat.
1870 4639 1946 4728 der
1981 4643 2122 4726 Heus·

536 4785 692 4885 thiera,
723 4780 948 4866 Miinchen
980 4783 1128 4889 1821.)
1165 4807 1207 4868 et
1244 4781 1374 4870 Gurit
1409 4781 1682 4902 (Handbuct
1711 4780 1787 4867 der
1818 4782 1953 4898 vergi.
1985 4780 2118 4865 Anat.

533 4926 574 5010 d.
616 4922 1011 5044 Huussiiugetitiere.
1049 4922 1194 5009 Berlin
1232 4926 1394 5035 1822.).
1433 4922 1637 5035 Quorum
1672 4925 1780 5010 aiter
1817 4920 2002 5038 (Gurit)
2040 4921 2120 5007 Gi·

467 5111 470 5119 .
535 5067 653 5154 sardi
686 5065 819 5152 verba
862 5063 918 5149 ad
963 5063 1147 5151 verbum
1187 5067 1427 5183 expressit,
1473 5066 1580 5151 alter
1614 5093 1715 5151 vero
1749 5061 2017 5181 (Schwnb),
2061 5058 2116 5146 de
