4809 6142
576 586 653 666 843
1094 577 1124 647 J.
1175 575 1649 672 Fasonuarru,

492 852 500 867 ·
578 800 779 890 Christus
819 800 865 883 in
894 790 1104 910 parabola
1134 792 1211 880 illa
1242 816 1345 881 nota
1375 794 1430 880 de
1459 818 1599 881 satore
1632 794 1798 880 variam
1834 793 2042 881 messium
2071 824 2165 881 ma·

568 943 849 1059 gnitudinem
887 962 1102 1024 memorat
1141 938 1259 1024 hisce
1295 937 1460 1025 verbis:
1494 938 1678 1039 »Sator
1705 936 1888 1055 qnidam
1928 938 2064 1024 exivit
2095 968 2161 1025 se-

574 1086 705 1174 rendi
741 1111 895 1188 causa,
938 1106 984 1169 et
1014 1083 1259 1169 ert-semine
1292 1080 1415 1168 aliud
1441 1079 1602 1168 cecidit
1630 1084 1678 1166 in
1703 1081 1820 1167 bona
1850 1104 1968 1168 terra
1997 1104 2040 1168 et
2069 1078 2164 1171 edi-

572 1228 639 1316 dit
662 1227 874 1334 fructum,
906 1228 985 1343 qui
1015 1256 1105 1314 sese
1136 1225 1448 1329 fructificavit,
1470 1248 1599 1343 atque
1621 1222 1946 1338 multiplicavit,
1977 1247 2022 1310 et
2039 1223 2163 1311 aliud

574 1371 777 1484 triginta,
811 1367 933 1456 aliud
962 1371 1181 1483 sexaginta
1212 1392 1255 1457 et
1285 1368 1407 1455 alind
1433 1372 1608 1454 ce'ntum
1639 1364 1825 1482 protulit
1843 1368 1929 1477 *l*
1985 1366 2157 1473 Strabo,

575 1542 759 1600 coaevus
806 1510 999 1617 Christi,
1047 1511 1229 1597 laudans
1280 1512 1552 1600 fertilitatem
1600 1510 1800 1616 Siciliae,
1852 1510 1958 1597 haec
2005 1512 2159 1599 refert:

576 1677 728 1741 »terra
767 1642 1090 1741 Leontinorum
1132 1653 1242 1740 adeo
1282 1677 1347 1741 est
1385 1654 1569 1761 fertilis,
1617 1678 1666 1741 ut
1705 1652 1976 1739 frumentum
2014 1653 2160 1740 ferum

571 1798 666 1884 sine
692 1798 843 1915 aliquo
871 1796 993 1884 cultu
1024 1794 1180 1883 reddat
1216 1817 1258 1881 et
1291 1798 1488 1913 quamvis
1518 1795 1629 1880 hanc
1660 1816 1822 1879 terram
1849 1794 1970 1880 nulla
1999 1795 2158 1880 maiori

575 1966 680 2023 cura
711 1937 935 2044 moliaris,
979 1967 1110 2055 quam
1152 1935 1341 2042 alicubi,
1383 1938 1511 2023 certis
1542 1960 1687 2021 tamen
1719 1936 1841 2020 annis
1873 1937 2157 2022 centesimum

531 2124 536 2127 ·
575 2078 764 2166 reddere
802 2081 913 2165 solet
950 2080 1101 2165 faenus
1131 2081 1263 2188 *ile
1333 2077 1455 2164 Idem
1497 2100 1649 2162 auctor
1688 2098 1867 2163 testatur
1910 2078 1997 2165 alio
2032 2080 2153 2183 loco,

578 2219 700 2336 quod
729 2220 946 2305 hordeum
978 2222 1023 2308 in
1055 2221 1298 2332 Babylonia
1330 2250 1431 2304 cum
1462 2219 1640 2304 faenore
1675 2221 1977 2305 trecentesimo
2007 2250 2157 2333 prove·

574 2360 680 2443 niat.
739 2357 908 2444 Plinius
936 2356 1186 2465 Secundus,
1231 2365 1308 2478 qui
1338 2357 1483 2473 primo
1508 2383 1607 2473 post
1636 2360 1861 2446 Christum
1892 2384 2043 2447 uatum
2067 2392 2156 2449 sae·

575 2500 676 2585 culo
708 2500 837 2606 vixit,
878 2500 1148 2586 mentionem
1180 2528 1358 2617 quoque
1393 2524 1574 2611 magnae
1611 2501 1822 2588 ubertatis
1845 2512 2068 2615 segetum,
2106 2525 2157 2587 ut

575 2642 662 2727 iam
695 2642 940 2754 attigimus,
981 2642 1185 2757 pluribus
1217 2644 1263 2727 in
1295 2640 1402 2726 locis
1438 2636 1570 2749 facit,
1610 2671 1650 2729 v.
1674 2671 1710 2727 c.
1746 2644 1953 2750 scrineo,
1992 2646 2153 2762 inquit,

573 2782 689 2868 nihil
717 2810 807 2870 esse
838 2782 1040 2869 fertilius.
1100 2786 1195 2869 Hoc
1227 2788 1269 2873 ei
1298 2809 1451 2870 natura
1482 2783 1660 2888 tribuit,
1701 2785 1910 2902 quoniam
1941 2817 1993 2872 eo
2023 2784 2158 2872 maxi-

575 2955 646 3009 me
679 2927 765 3010 alat
795 2925 1045 3035 hominem3
1090 2951 1240 3041 utpote
1272 2956 1372 3027 cum
1404 2923 1631 3028 emodio,
1672 2926 1707 3009 si
1737 2927 1793 3011 sit
1820 2950 1967 3041 aptum
1996 2929 2154 3035 solum,
2224 3010 2226 3015 ,

577 3065 706 3183 quale
746 3068 791 3149 in
820 3065 1005 3181 Byzacio
1039 3066 1213 3155 Africae
1248 3099 1425 3183 campo,
1465 3071 1638 3154 centeni
1679 3068 1978 3186 quinquageni
2017 3071 2158 3157 modii

577 3204 832 3292 reddantur.
895 3204 1016 3295 Misit
1046 3242 1098 3296 ex
1128 3239 1181 3297 eo
1213 3211 1311 3297 loco
1335 3210 1449 3296 Divo
1473 3210 1667 3323 Augusto
1695 3231 1953 3324 procurator
1983 3210 2075 3296 eius
2105 3244 2157 3299 ex

577 3378 665 3430 nno
698 3377 831 3460 grano
861 3346 962 3466 (vix
993 3350 1207 3438 credibile
1235 3346 1386 3466 dictu)
1417 3349 1703 3469 quadraginta
1726 3354 1874 3466 paucis
1899 3352 2042 3437 minus
2069 3384 2159 3467 ger-

578 3488 723 3589 mina,
764 3510 928 3573 exstant
965 3489 1020 3577 de
1059 3522 1110 3577 ea
1148 3523 1194 3577 re
1237 3493 1456 3606 epistolae.
1528 3493 1648 3579 Misit
1679 3517 1722 3579 et
1751 3493 1917 3580 Neroni
1956 3494 2158 3580 similiter

579 3623 798 3711 CCCXL.
838 3630 1018 3743 stipulas
1060 3662 1114 3716 er
1152 3662 1242 3715 uno
1281 3662 1441 3744 grano,
1493 3663 1593 3719 cum
1633 3635 1869 3720 centesimo
1902 3632 2084 3752 quidem
2114 3658 2160 3719 et

576 3766 782 3851 Leontini
812 3766 986 3855 Siciliae
1019 3773 1161 3885 campi
1191 3771 1410 3878 fundunt,
1453 3774 1645 3889 aliique,
1689 3800 1733 3860 et
1764 3799 1850 3862 tota
1882 3775 2082 3879 Baetice,
2115 3798 2159 3861 et

576 3912 621 3989 in
653 3907 808 4020 primis
834 3908 1065 4025 Aegyptus.
1117 3912 1404 3999 Fertilissima
1436 3914 1570 4000 tritici
1603 3946 1776 4028 genera,
1813 3945 2048 4020 ramosum,
2086 3940 2160 4001 eut

576 4045 699 4158 quod
737 4049 1037 4160 centigrannm
1074 4075 1242 4140 vocant.
1303 4051 1507 4140 Inventus
1549 4080 1612 4142 est
1651 4062 1736 4141 iam
1778 4082 1821 4143 et
1856 4087 2008 4173 scapus
2040 4088 2158 4142 -unus

577 4212 750 4273 centum
782 4187 892 4276 fabis
919 4215 1096 4279 onustus
1117 4194 1259 4303 iffi«
1303 4194 1426 4281 Idem
1458 4198 1544 4282 alio
1575 4199 1693 4283 loco:
1729 4200 1801 4283 »in
1830 4199 2015 4314 Byzacio
2047 4198 2162 4284 Afri-

576 4358 650 4414 cae
682 4331 809 4416 illum
841 4358 1022 4420 centena
1049 4338 1422 4453 etquinquagena
1447 4339 1571 4452 fruge
1599 4339 1791 4427 fertilem
1815 4372 2035 4457 campum,
2060 4338 2159 4425 nul·

573 4468 656 4574 lis,
700 4502 800 4556 cum
839 4474 978 4560 siccus
1018 4498 1103 4583 est,
1143 4477 1354 4565 arabilem
1395 4481 1555 4586 tauris,
1604 4506 1701 4596 post
1735 4481 1895 4569 imbres
1936 4483 2015 4571 vili
2057 4480 2163 4567 asel·

574 4711 888 4732 *—

567 4828 571 4833 ’
637 4836 671 4905 ’l
690 4835 788 4928 Mare.
808 4838 931 4923 4.Crp.
955 4839 995 4901 V.
1016 4838 1129 4921 3—9.

619 4940 672 5015 **)
694 4941 796 5010 Strab.
814 4944 887 5008 libr.
895 4946 953 5011 vl.
975 4966 1046 5031 pag.
1059 4948 1128 5029 273.
1161 4947 1227 5011 cfr.
1240 4950 1328 5017 xv1.
1354 4972 1477 5037 1077·
1492 4956 1581 5038 1078.
1635 5001 1639 5008 ·

604 5046 674 5124 m)
695 5048 781 5113 Plin.
801 5048 875 5116 hiet.
895 5062 960 5120 nst.
982 5053 1039 5123 lib.
1052 5052 1186 5123 XVIll,
1205 5058 1282 5143 Cap.
1294 5058 1335 5121 Χ.
