4809 6142
543 473 621 553 ool
1155 464 1200 541 E.
1265 414 1562 561 Mursa,

461 684 469 704 ⁸
547 685 914 784 minutissimum,
963 678 1205 792 globosum.
1277 684 1425 799 Stylns
1464 684 1691 788 basilaris,
1739 684 2033 793 adscendens,
2082 689 2150 773 ad
2189 776 2195 783 ,

545 826 743 913 medium
768 829 907 940 nsque
933 821 1100 933 hirtus,
1128 852 1315 940 superne
1344 825 1507 937 glaber.
1539 826 1703 937 Stigma
1729 826 1995 915 subulatum.
2027 829 2147 915 Fru-

547 991 665 1052 ctum
701 995 788 1050 non
819 963 927 1050 vidi.

1127 1272 1197 1384 39.
1267 1272 1555 1356 Aesernia.

665 1552 734 1632 92.
767 1519 878 1635 Ingn
901 1534 1115 1633 punctura
1150 1516 1314 1603 Willd.
1340 1544 1403 1631 sp.
1431 1516 1490 1630 pl.
1523 1516 1596 1602 IV.
1627 1547 1723 1631 pag.
1754 1523 1875 1605 1010.
1909 1523 2035 1629 (excl.
2066 1554 2141 1633 sy-

547 1692 652 1747 non.
682 1657 825 1775 Jacq.)
1863 1650 1866 1655 ’

670 1801 919 1885 Observatio
944 1798 981 1883 Ι.
1040 1798 1268 1885 Disserunt
1292 1798 1532 1913 specimina
1564 1828 1661 1884 mea
1687 1829 1711 1883 a
1732 1799 2039 1887 Willdenowii
2064 1801 2139 1887 de·

495 1951 502 1959 ’
547 1945 810 2057 scriptione:
840 1940 1018 2055 petiolis
1048 1971 1137 2024 non
1163 1943 1357 2051 strigosis
1386 1939 1464 2024 sed
1494 1940 1697 2053 plurimis
1728 1940 1919 2049 glabris,
1952 1942 2139 2026 iuniori·

549 2088 630 2168 bns
679 2106 874 2181 tantum,
921 2084 1033 2165 sicut
1074 2084 1196 2193 apice
1240 2082 1540 2183 ramulorum,
1589 2079 1738 2184 rachi,
1786 2080 2138 2197 pedunculisque

549 2228 675 2311 brevi
705 2246 899 2309 tomento
935 2224 1123 2330 vestiris3
1165 2252 1245 2308 nec
1277 2252 1364 2306 non
1396 2222 1526 2332 spicis
1557 2224 1694 2308 oratis
1729 2225 2035 2340 potiusquam
2062 2226 2145 2308 obv

464 2422 477 2437 .
541 2370 702 2477 longis.
766 2364 888 2474 Quae
920 2392 1025 2447 vero
1057 2386 1101 2449 et
1129 2366 1175 2445 in
1206 2362 1301 2446 aliis
1332 2362 1587 2475 speciebus,
1620 2387 1669 2449 ut
1698 2366 1806 2471 scio,
1837 2367 2020 2453 variant.

671 2505 920 2590 Observatio
944 2501 1006 2586 Il.
1067 2503 1256 2619 Mimosp
1269 2500 1476 2617 fhgzfilia
1503 2504 1624 2620 Jacq.
1645 2534 1778 2589 amer.
1806 2536 1901 2619 pag.
1926 2508 2020 2608 264.
2049 2508 2134 2615 rab.

377 2764 387 2773 .
557 2651 649 2749 164.
682 2649 830 2763 planta
852 2644 978 2730 valde
997 2643 1141 2729 dubia
1167 2666 1254 2751 est,
1288 2676 1313 2728 a
1342 2676 1451 2731 vern
1478 2647 1547 2731 M.
1573 2646 1781 2763 firgifolio
1812 2650 1971 2743 merito
1999 2678 2140 2733 remo-

550 2813 621 2895 ta,
653 2788 731 2874 sed
761 2788 815 2871 ab
845 2786 954 2902 Iuga
979 2802 1194 2898 punctura
1229 2808 1316 2870 tam
1348 2786 1476 2898 louge
1505 2787 1740 2892 recedens,
1773 2812 1845 2893 ut,
1880 2788 2020 2875 donec
2051 2788 2139 2872 alia

553 2930 700 3015 forsan
733 2930 898 3043 species
930 2928 1052 3011 iconi
1087 2952 1131 3012 et
1167 2924 1453 3039 descriptioni
1480 2928 1685 3045 Jacquini
1711 2930 1845 3043 magis
1872 2929 2140 3044 respondens

550 3072 835 3176 observetur,
865 3070 982 3154 inter
1012 3067 1168 3154 dubias
1195 3068 1492 3153 enumeranda
1522 3073 1588 3153 sit.

1057 3401 1128 3500 4ο.
1189 3394 1631 3483 Causaurrnrnan.

667 3651 739 3763 93.
771 3647 918 3733 Cassio
948 3644 1163 3731 bucillaris
1191 3649 1321 3732 Linon
1353 3641 1415 3728 lil.

671 3791 810 3877 Caule
845 3792 1123 3901 geniculato,
1163 3787 1280 3873 foliis
1326 3783 1515 3897 biiugis,
1558 3783 1724 3869 foliolis
1760 3779 1954 3898 obliquis
1985 3786 2137 3885 oratis,

551 3931 761 4044 glandula
786 3932 977 4017 obtusa
966 3954 1080 4016 rut-er
1107 3926 1283 4029 infima,
1317 3927 1501 4010 racemis
1534 3922 1803 4025 axillaribns,
1835 3921 2062 4035 legumine
2082 3947 2144 4007 re·
2256 4028 2259 4037 1
2357 3976 2358 4001 .

551 4076 634 4160 reti
664 4077 861 4159 loculoso
893 4102 982 4157 non
1013 4067 1276 4159 dehiscente.

610 4215 659 4300 C.
681 4212 897 4300 bucilluris
926 4214 1056 4297 Lino.
1083 4208 1144 4295 fil
1171 4208 1313 4323 suppl.
1340 4234 1435 4318 pag.
1462 4205 1557 4291 adr.
1592 4204 1764 4291 Collad.
1792 4233 1894 4289 cass.
1921 4236 2014 4320 pag.
2039 4206 2108 4318 87.

507 4374 516 4386 ⁸
612 4354 660 4439 C.
682 4359 930 4438 omericanu
955 4348 1217 4464 tetraplrylla
1247 4346 1399 4431 Houst.
1433 4347 1559 4463 reliq.
1592 4348 1772 4460 rab.17.

611 4496 978 4606 cothurnosos-pus
1000 4488 1190 4577 Baeillus
1224 4488 1343 4574 Pera.
1370 4515 1542 4601 synope.
1564 4488 1596 4572 1.
1627 4518 1723 4603 pag.
1744 4490 1845 4602 459.

426 4642 438 4656 “
612 4634 806 4721 Gutlnzrt.
838 4632 1053 4719 bucillarr's
1086 4631 1237 4747 Jacq.?
1280 4630 1509 4741 fragment.
1551 4657 1647 4744 pag.
1679 4630 1747 4744 59.
1791 4631 1874 4725 rab.
1896 4630 1966 4717 85.
1998 4628 2071 4743 fig.
2096 4633 2138 4734 4

726 4775 854 4891 (icon
885 4768 1096 4887 fructus.)

668 4913 964 5029 Descriptioni
989 4914 1265 5009 Linnaeanae
1291 4913 1520 5029 sequentia
1541 4911 1765 5001 addamus.
1807 4912 1959 5002 Caulis
1983 4915 2143 5005 flexuo-
