4809 6142
816 611 977 686 Planta
1006 605 1304 686 &stromensem
1774 612 1849 692 783

264 823 519 931 buliformi,
557 825 814 914 staminibus
847 824 1052 932 inclusis,
1098 825 1262 913 annulo
1292 821 1525 939 bypogyno
1550 820 1744 912 obsolete
1771 821 1849 912 de·

264 967 552 1056 cemdentato.
587 1047 593 1086 Ι

320 1108 375 1193 E.
402 1111 732 1222 puncticuioso?
761 1111 883 1197 Rich.
910 1113 956 1198 in
982 1112 1114 1200 Mem.
1139 1141 1227 1205 soc.
1253 1109 1384 1226 paris.
1409 1138 1505 1226 pag.
1531 1139 1625 1224 top.

378 1249 588 1353 Unicum,
617 1251 740 1368 quod
759 1252 869 1338 mihi
893 1257 1099 1368 suppetit,
1126 1255 1364 1371 specimen,
1382 1274 1445 1337 est
1464 1253 1687 1337 summitas
1707 1250 1843 1337 caulis

265 1420 463 1478 ramusve
492 1393 687 1507 pedalis,
721 1395 917 1501 strictus,
951 1395 1165 1506 lignosus,
1207 1376 1396 1478 crassitie
1421 1422 1589 1506 pennae
1618 1393 1842 1480 anserinae

262 1535 472 1636 minoris,
510 1535 865 1648 subterragonus,
906 1536 1070 1621 cortice
1103 1534 1370 1620 luscescente
1413 1534 1643 1644 rugulusu,
1694 1563 1845 1618 verru-

263 1673 325 1758 cis
366 1672 510 1759 densis
551 1677 730 1760 minutis
770 1675 1104 1788 xylomatoideis
1143 1699 1404 1790 exasperato.
1465 1674 1592 1758 Folia
1626 1676 1842 1790 opposita,

263 1814 496 1930 petiolata,
527 1817 690 1922 oralia,
724 1817 976 1904 brevissime
1005 1818 1278 1920 acuminata,
1308 1825 1506 1902 acumine
1533 1817 1719 1918 obtuso,
1752 1817 1845 1902 basi

266 1955 524 2062 rotundata,
568 1960 867 2071 integerrima,
908 1959 1270 2063 membranacea,
1313 1984 1362 2044 ut
1395 1958 1650 2072 totaplanta
1681 1958 1846 2070 glaber·

265 2101 401 2198 rima,
434 2096 584 2180 subtus
609 2096 843 2210 pallidiora
869 2100 990 2184 venis
1018 2101 1336 2217 rufescermibus
1357 2101 1574 2211 eleganter
1596 2098 1839 2203 reticulata,

265 2256 453 2350 quatuor
495 2233 676 2348 pollices
725 2237 881 2346 longa,
929 2236 1037 2354 duos
1079 2239 1177 2322 lata.
1260 2238 1451 2322 Petiolus
1495 2237 1842 2350 semipollicaris.

163 2483 166 2489 Ι
265 2373 513 2461 Glandulae
539 2375 714 2482 nullae;
756 2407 835 2460 nec
852 2375 1071 2492 stipulas,
1117 2379 1163 2474 ni
1189 2376 1320 2463 fallor
1347 2377 1557 2482 caducas,
1602 2378 1843 2463 observavi.

263 2514 512 2628 Corymbus
555 2515 821 2621 terminalis,
869 2541 934 2601 ter
967 2539 1175 2632 quaterve
1214 2515 1517 2619 dichotomus,
1561 2516 1663 2601 dein
1702 2521 1845 2600 miuus

264 2654 524 2766 regulariter
550 2656 594 2738 in
624 2655 896 2769 pedunculos
925 2643 1244 2766 subfastigiatos
1271 2654 1448 2741 divisus.
1489 2655 1693 2741 Bracteae
1720 2685 1847 2772 squa-

264 2822 466 2898 maceae,
516 2793 573 2878 ad
614 2796 811 2911 quamvis
857 2795 1117 2880 divisionem
1155 2798 1411 2910 oppositae,
1457 2819 1633 2901 ovatae,
1682 2819 1844 2882 acutae.

265 2938 404 3049 Calyx
438 2936 657 3051 profunde
698 2939 1105 3056 quinquepartitus,
1159 2937 1329 3021 laciniis
1367 2939 1500 3024 oratis
1541 2936 1844 3044 obtusissimis,

267 3079 544 3166 aestivatione
577 3073 840 3184 imbricatis,
879 3080 980 3164 dein
1014 3079 1121 3165 tubo
1152 3077 1342 3164 corollae
1380 3081 1616 3192 appressis,
1655 3079 1761 3164 duas
1792 3081 1846 3164 li-

264 3249 369 3320 neas
404 3249 503 3304 cum
539 3219 729 3305 dimidia
765 3221 931 3332 longus.
979 3219 1180 3326 'Corolla
1216 3222 1556 3333 speciosissima,
1603 3221 1713 3306 duos
1752 3222 1847 3307 fere

265 3361 447 3476 pollices
478 3360 618 3473 longa.
680 3362 797 3446 Tubi
832 3391 930 3474 pars
957 3361 1139 3446 inferior
1163 3354 1518 3468 subcylindrica,
1558 3389 1745 3471 superne
1776 3391 1849 3473 pa·

265 3533 364 3586 rum
393 3504 550 3586 sensim
570 3525 806 3612 angustata,
834 3499 1184 3614 semipullicaris,
1220 3504 1332 3584 intus
1352 3499 1516 3601 medio,
1545 3500 1620 3584 ubi
1643 3500 1846 3589 antherae

265 3635 429 3726 affixae.
449 3660 575 3740 sunt,
610 3638 799 3745 hirsuta,
843 3667 941 3751 pars
967 3643 1167 3752 'superior
1193 3641 1337 3725 subito
1367 3641 1694 3753 campanulum,
1737 3643 1848 3728 infe·
1867 3684 1883 3712 s

266 3779 375 3862 riori
404 3778 539 3892 duplo
573 3777 771 3884 longior,
804 3775 928 3882 fauce
960 3778 1107 3884 nuda,
1141 3783 1357 3865 diametro
1391 3781 1482 3863 sere
1520 3783 1846 3895 semipollicari.

264 3917 446 4003 Limbus
478 3918 754 3998 aestivatione
790 3915 1243 4021 inflexo-contortus,
1285 3919 1385 4002 dein
1427 3943 1842 4034 erecto-expansus,

267 4060 483 4145 diametro
516 4058 893 4174 sesquipollicari,
935 4059 1105 4143 laciniis
1146 4058 1559 4143 oboram-obtusis.
1626 4060 1842 4149 Autherae

267 4201 313 4286 in
339 4229 497 4285 conum
531 4223 647 4282 arere
674 4197 980 4304 cohaerentes,
1012 4196 1248 4308 sagittatae,
1282 4198 1326 4278 in
1354 4197 1565 4281 inferiore
1596 4197 1691 4282 tubi
1720 4227 1841 4312 parte

265 4338 557 4446 subsessiles,
583 4341 628 4424 in
669 4340 938 4454 superiorem
977 4338 1172 4423 eiusdem
1215 4362 1383 4450 partem
1424 4361 1677 4449 porrectae,
1729 4340 1860 4425 ultra·

266 4480 372 4566 duas
403 4479 538 4564 lineas
565 4480 731 4590 longae.
794 4480 954 4566 Ovaria
982 4480 1098 4580 duo,
1138 4479 1350 4591 oblonga,
1391 4479 1601 4582 discreta,
1644 4485 1843 4594 approxi
1910 4561 1934 4600 „

266 4642 403 4726 mata,
447 4619 689 4704 desinentia
720 4619 766 4703 in
791 4620 923 4732 stylos
951 4619 1083 4724 duos,
1123 4651 1223 4704 mox
1250 4650 1352 4704 vero
1380 4621 1424 4703 in
1451 4624 1630 4706 unicum
1662 4650 1839 4708 concre-

265 4782 343 4845 tos.
403 4761 566 4872 Stigma
603 4760 718 4844 iutra
748 4789 906 4844 conum
938 4758 1216 4845 antberarum
1251 4761 1410 4865 latens,
1455 4761 1597 4876 iisque
1628 4764 1837 4848 tenaciter

264 4899 525 5008 adhaerens,
558 4899 774 4987 obtusum.
833 4900 1046 5016 Squamac
1078 4898 1331 5013 hypogyuae
1358 4901 1404 4983 in
1427 4898 1636 4985 annulum
1662 4929 1839 4987 concre-
