4809 6142
829 534 989 611 Plantae
1018 534 1314 611 saramania.

671 854 676 863 ’
803 857 875 945 35.
933 854 1338 944 Meuasrounsr.

401 1046 650 1132 Observatio
678 1041 715 1129 Ι.
774 1040 1042 1129 Petalomate
1084 1067 1289 1160 excepto,
1330 1041 1629 1130 Melastomeas
1660 1039 1732 1129 bic
1764 1058 1868 1131 enn'·

279 1189 509 1276 merandas
536 1184 773 1273 bacciferas
792 1183 1135 1284 Melustomatis,
1167 1184 1448 1299 capsulileras
1468 1186 1662 1272 Rbexiae
1686 1187 1866 1274 nomine

202 1328 208 1342 ’
280 1329 663 1445 comprehendam.
724 1327 899 1414 Genera
933 1330 1067 1431 enim,
1101 1357 1125 1411 a
1157 1325 1240 1410 clo.
1263 1325 1479 1414 Ventenat
1509 1329 1733 1443 proposita
1764 1329 1867 1439 (No-

280 1477 367 1559 tiee
396 1448 475 1557 sur
502 1471 564 1557 les
589 1471 757 1586 plantes
786 1468 985 1586 publices
1017 1468 1123 1556 dans
1149 1467 1375 1582 l'ourrage
1408 1469 1605 1556 intituli:
1628 1470 1780 1556 ‘Choix
1812 1470 1866 1558 de

278 1615 452 1702 Plantas
483 1637 563 1700 etc.
602 1614 650 1697 in
692 1612 824 1697 Mem.
867 1610 921 1697 de
961 1612 1143 1697 l’instit.
1189 1633 1276 1695 nat.
1315 1643 1373 1696 sc.
1414 1612 1616 1698 matbem.
1660 1636 1704 1699 et
1743 1614 1866 1729 phys.
1964 1634 1968 1643 '

285 1758 408 1872 1807.
431 1806 492 1821 --
520 1764 615 1871 pag.
641 1788 679 1871 7.
710 1759 834 1874 sqq.)
844 1817 859 1862 ,
892 1784 973 1841 nec
999 1756 1098 1859 satis
1124 1749 1305 1839 definita
1335 1784 1417 1840 nec
1444 1758 1527 1870 ipsi
1557 1776 1735 1849 naturae
1755 1754 1871 1845 'con-

278 1898 639 1988 venientia.mibi
673 1899 858 2017 aliisque
889 1899 980 1983 risa
1008 1920 1121 1983 sunt.
1165 1896 1449 2013 -anerrima
1479 1899 1648 2012 generis
1666 1898 1869 1986 Melasto·

279 2046 407 2129 matis
446 2041 651 2126 limitatio
690 2039 934 2126 secundum
964 2029 1244 2126 antbcrarum
1282 2064 1546 2126 structuram
1575 2063 1752 2128 auctore
1784 2043 1868 2128 clo.

279 2184 382 2270 Jaclr
416 2181 484 2300 (in
508 2182 638 2266 Linn.
669 2211 757 2265 soc.
789 2203 989 2267 transact.
1008 2182 1128 2267 XIV.
1159 2211 1255 2295 pag.
1280 2213 1313 2268 1.
1331 2176 1457 2298 sqq.)
1500 2184 1657 2268 melius
1685 2183 1870 2303 quidem

277 2344 478 2407 naturam
510 2322 756 2435 exprimere
788 2318 990 2428 videtur5
1031 2321 1214 2405 minime
1246 2350 1352 2407 vero
1384 2352 1496 2438 quae
1528 2317 1600 2405 bic
1632 2323 1872 2410 excludun-

179 2495 190 2515 ‘
276 2488 350 2550 tur
381 2487 612 2548 auctorum
640 2462 971 2567 Melastomata,
1000 2462 1047 2545 in
1074 2442 1256 2547 unicum
1286 2494 1451 2550 novum
1479 2471 1635 2577 gen'us,
1674 2466 1874 2553 Stoman·

279 2604 406 2690 &am
433 2604 555 2707 Jaclr,
586 2602 785 2692 coerceri,
815 2624 1007 2716 possunt.
1069 2602 1157 2716 Ipsi
1189 2602 1298 2687 mibi
1331 2603 1388 2689 ad
1417 2605 1545 2717 plura
1576 2637 1734 2717 genera
1766 2638 1869 2693 con·

281 2743 428 2832 denda
465 2744 587 2830 deest
621 2740 843 2829 sufficiens
884 2743 1130 2857 specierum
1174 2746 1313 2861 copia.
1385 2746 1525 2831 Satius
1563 2747 1697 2863 igitur
1729 2750 1871 2836 visum

280 2911 371 2993 est,
403 2916 455 2973 ea
479 2885 634 2971 sedulo
666 2885 942 2991 observasse,
983 2889 1170 3004 quaein
1199 2911 1424 3004 posterum
1454 2888 1601 2976 forsan
1631 2890 1689 2978 ad
1720 2874 1869 2981 chara·

282 3052 420 3117 oteres
447 3030 671 3142 genericos
699 3027 1023 3115 constituendos
1055 3029 1264 3116 adiuvare
1298 3054 1484 3146 possent.

401 3171 651 3258 Observatio
682 3170 744 3256 II.
802 3172 853 3257 ln
895 3171 1199 3285 computandis
1241 3171 1449 3257 loliorum
1491 3175 1637 3262 nervis
1682 3179 1870 3265 multum

282 3314 532 3428 discrepant
565 3337 778 3399 auctores.
837 3312 923 3398 Cll.
952 3314 1140 3416 Swartz,
1173 3311 1477 3416 Willdenorr,
1516 3315 1680 3433 aliique
1712 3350 1868 3405 nervos

279 3459 543 3560 exteriores,
582 3459 622 3544 si
657 3457 844 3567 margini
880 3458 1171 3570 approximati
1202 3476 1329 3559 sunt,
1376 3486 1399 3540 e
1435 3456 1602 3542 ratione
1636 3460 1868 3549 excludere

278 3601 433 3686 solent.
495 3598 564 3684 Cl.
594 3595 830 3712 Bonpland
866 3621 1017 3682 contra
1047 3625 1198 3682 omnes
1223 3602 1438 3681 'numerat
1473 3627 1656 3705 nervos,
1700 3623 1743 3687 et
1778 3632 1868 3712 eos,

278 3744 358 3860 qni
398 3742 542 3825 statim
573 3761 848 3826 evanescunt.
916 3737 1049 3826 Unde
1086 3767 1255 3821 summa
1289 3736 1565 3848 diagnosium
1600 3741 1870 3855 ambiguitas.

278 3884 329 3965 ln
363 3878 647 3995 sequentibus
678 3879 803 3964 nervi
838 3908 1017 3981 omnes,
1059 3878 1137 3993 qui
1169 3906 1250 3990 per
1281 3899 1420 3963 totum
1446 3877 1871 3972 foliumextendun·

278 4046 375 4125 tur,
418 4043 511 4107 tum
541 4018 801 4131 marginales
837 4042 931 4108 tum
966 4017 1212 4131 amargine
1244 4020 1528 4125 remotiores,
1569 4019 1627 4107 ad
1652 4024 1871 4113 calculum

280 4164 623 4271 revocationi,
656 4169 735 4281 qui
762 4185 887 4247 antea
913 4184 1200 4265 evanescunt,
1234 4162 1413 4248 exclusi.

399 4306 469 4391 81.
511 4303 737 4391 Petoloma
774 4305 941 4390 Muriri
985 4304 1161 4392 Swartz.
1216 4302 1308 4390 iud.
1352 4306 1494 4393 occid.
1536 4310 1590 4395 ll.
1636 4342 1731 4428 pag.
1770 4312 1869 4401 835.

281 4448 368 4536 tab.
400 4450 464 4553 ¹4·
497 4447 578 4535 litt.
598 4450 628 4534 i.
648 4496 709 4515 -
767 4449 959 4534 Mouriri
982 4432 1238 4535 Guicnensis
1263 4445 1393 4535 Aubl.
1427 4452 1570 4564 guian.
1594 4455 1627 4539 Ι.
1654 4484 1749 4573 pag.
1768 4455 1868 4562 453.

279 4588 486 4675 tab..180.
1995 4610 1996 4613 ‘

401 4728 665 4815 observatio.
727 4728 904 4837 Genus,
956 4738 1124 4818 utiam
1164 4734 1414 4824 observavit
1453 4739 1507 4825 cl.
1539 4737 1648 4824 Rob.
1681 4739 1867 4848 Brown,
1908 4726 1928 4827 J

282 4874 397 4959 inter
431 4872 732 4957 Melastomeas
763 4869 1088 4988 Myrtineasque
1124 4874 1323 4962 medium
1357 4900 1519 4966 tenens.
1579 4880 1706 4967 Folia
1733 4886 1869 4968 coria-

280 5042 383 5120 cea,
425 5012 617 5101 flexuoso
636 5048 659 5068 ·
680 5041 838 5100 venosa
870 5034 915 5099 et
946 5012 1097 5100 subtus
1132 5014 1190 5103 ad
1224 5018 1388 5106 lentem
1419 5007 1588 5113 elevato
1608 5074 1626 5092 ·
1644 5047 1864 5138 punctata,
