4809 6142
256 1768 351 1874 Ad
389 1766 753 1880 Chamisronir
792 1772 1247 1889 Adumbratr'ones
1284 1784 1630 1888 Cetaceorum
1678 1780 1848 1886 maris

402 1938 791 2047 Kamuclratici
803 2018 816 2067 ‚
851 1948 854 1952 ’
866 1986 919 2088 p.
939 1932 1064 2088 cipp.
1118 1947 1238 2076 rel„
1293 1949 1696 2059 emendationes,

374 2224 424 2306 lu
465 2226 687 2343 plerisque
728 2229 913 2332 tabulis,
962 2260 1074 2345 quae
1118 2262 1219 2315 cum
1261 2234 1343 2315 isto
1382 2227 1499 2314 libro
1539 2228 1682 2315 editae
1722 2251 1847 2333 sunt,

256 2366 431 2448 numeri
464 2366 713 2452 tabularum
742 2368 931 2453 duarum
961 2372 1165 2483 priorum
1198 2390 1243 2455 et
1272 2398 1359 2453 una
1391 2397 1492 2452 cum
1523 2368 1577 2452 iis
1609 2362 1850 2480 figurarum

258 2508 434 2589 numeri
463 2515 720 2593 commutati
754 2533 866 2592 sunt.
926 2510 1079 2594 Velint
1109 2517 1257 2627 itaque
1294 2510 1509 2612 lectores,
1552 2538 1653 2591 cum
1684 2510 1729 2591 in
1761 2512 1850 2594 suis

260 2647 582 2762 exemplaribus
614 2648 805 2737 tabulam
828 2648 947 2736 XVI.
980 2648 1087 2735 duos
1118 2649 1401 2736 balaenarum
1425 2650 1614 2763 species,
1654 2650 1682 2733 i.
1710 2681 1748 2735 e.
1777 2680 1851 2735 sex

261 2790 432 2895 icones,
489 2790 682 2877 tabulam
722 2790 862 2876 XVII.
906 2816 1051 2885 autem
1090 2822 1224 2877 unam
1262 2812 1430 2877 tantum
1471 2790 1662 2905 speciem
1711 2789 1851 2877 tribus

197 3054 200 3057 ῃ
260 2929 411 3046 figuris
443 2932 648 3023 exhibere
676 2935 887 3041 sentiant,
922 2934 1079 3021 horum
1106 2964 1313 3019 numeros
1340 2936 1401 3017 ita
1431 2933 1673 3045 corrigere:

407 3146 508 3233 1000
539 3146 808 3233 mcxvii.
839 3148 937 3233 Fre.
961 3147 1033 3233 111.
1065 3175 1201 3262 ponas
1232 3143 1480 3230 mcxvi.
1512 3140 1686 3265 uret,
1748 3270 1751 3276 .
1830 3272 1832 3277 Ι
1968 3124 1970 3131 ‘

861 3312 917 3369 est
941 3316 1080 3399 nempe
1105 3292 1269 3367 Balaena
1294 3286 1535 3361 Kuiiomoclt.

402 3424 475 3505 *—
534 3438 639 3525 Tun.
662 3439 781 3525 XVI.
816 3440 911 3524 Fre.
935 3441 966 3525 1.
998 3467 1134 3555 ponas
1165 3438 1269 3522 Tun.
1294 3434 1434 3520 XVII.
1467 3434 1502 3519 F
1505 3462 1563 3517 ιο.
1584 3430 1665 3535 ΙΙ.,

862 3607 962 3684 quae
987 3601 1043 3658 est
1068 3583 1231 3658 Balaena
1257 3576 1485 3673 Abuguliclz.

414 3772 475 3792 ..
563 3774 624 3790 -
693 3772 753 3792 -
813 3725 1453 3839 F10.11.p0nasTrn.XVll.
1487 3718 1707 3821 F1G.lll.,

865 3885 920 3941 est
944 3868 1050 3942 enim
1074 3867 1239 3942 Balaena
1265 3864 1514 3961 Mangt'daclt.

384 4059 475 4170 Qui
506 4089 702 4163 errores,
747 4089 845 4144 cum
879 4060 1029 4174 paullo
1064 4061 1202 4145 serius
1233 4060 1397 4172 cogniti
1428 4058 1516 4147 sint
1547 4079 1591 4143 et
1620 4047 1858 4151 emendati,

268 4199 395 4286 nobis
429 4203 577 4287 insciis
617 4202 845 4319 utriusque
884 4202 1084 4287 lectionis
1125 4202 1324 4309 tabulae,
1376 4201 1544 4284 scilicet
1577 4190 1860 4291 emendatae,

267 4373 452 4459 quarum
482 4344 632 4458 prior,
678 4374 863 4427 numero
893 4342 1012 4429 XVI.
1046 4346 1270 4461 inscripta,
1300 4342 1485 4457 figuram
1506 4340 1540 4425 1.
1574 4337 1710 4423 solam
1743 4361 1864 4418 mon·

268 4505 399 4587 Sim,
438 4506 480 4567 et
519 4483 678 4589 salsae,
721 4515 912 4605 quarum
950 4488 1073 4600 prior
1105 4487 1252 4573 tabula
1283 4491 1447 4602 species
1470 4485 1524 4570 ll.
1558 4504 1601 4568 et
1631 4477 1863 4563 HLcom-

268 4628 503 4743 plectitur,
550 4628 832 4736 factumest,
871 4656 921 4717 ut
950 4632 1201 4746 promiscue
1230 4628 1483 4717 ederentur.

901 4892 1232 4917 Μ
