4809 6142
537 577 586 650 ds
610 575 983 689 mandasmmeuti
1002 573 1236 675 temporibus
1260 578 1542 675 antiquissimis.
1755 582 1853 663 803‘

234 798 430 882 minores
468 791 653 911 quidem
686 792 997 881 frumentarios
1032 791 1252 881 habebant
1285 823 1434 909 agros,
1475 793 1553 882 sed
1588 825 1640 881 eo
1672 795 1829 883 melius

236 936 313 1021 hos
340 936 486 1021 colere
513 956 729 1049 poterant.

356 1077 414 1163 Ar
442 1106 574 1177 vero,
613 1076 741 1160 sicuti
774 1105 827 1163 ex
858 1075 966 1164 locis
1001 1076 1186 1177 laudatis
1217 1080 1450 1196 scriptores
1479 1103 1647 1167 veteres
1674 1102 1720 1166 et
1749 1079 1830 1166 hu·

235 1202 303 1305 irs
334 1220 483 1303 aetatis
515 1248 606 1303 uno
635 1220 762 1337 quasi
791 1249 870 1305 ore
898 1222 1160 1341 consensisse
1194 1222 1239 1307 in
1269 1220 1601 1337 pronuncianda
1631 1222 1827 1309 ubertate

235 1353 429 1473 segetum
456 1389 557 1444 cum
588 1359 767 1446 faenore
801 1341 1026 1473 trigesimo
1057 1346 1196 1481 usque
1224 1335 1280 1449 ad
1306 1365 1591 1455 centesimum
1613 1368 1832 1483 quinqua·

234 1502 470 1635 gesimum,
502 1530 764 1619 causasque,
797 1504 881 1587 nisi
908 1501 1019 1621 quid
1044 1508 1330 1623 praeteritum
1365 1531 1450 1614 est,
1483 1530 1624 1593 tantae
1651 1508 1828 1627 frugum

234 1642 571 1749 foecunditatis,
615 1674 693 1728 nos
734 1646 1014 1749 audirimus,
1065 1650 1216 1761 negari
1249 1673 1391 1734 tamen
1432 1647 1485 1733 ab
1524 1650 1661 1735 altera
1705 1670 1828 1763 parte

235 1788 414 1904 nequit,
448 1810 615 1871 veteres
645 1816 854 1898 agrorum
886 1788 1111 1902 operarios
1132 1818 1289 1874 messes
1312 1790 1451 1874 multo
1479 1790 1670 1875 minores
1694 1789 1829 1874 etiam

235 1958 554 2047 nonnunquam
601 1927 830 2056 babuisse,
874 1930 1132 2044 praesertim
1170 1931 1442 2047 temporibus
1482 1929 1827 2044 posterioribus,

237 2070 399 2189 quibus
426 2070 659 2187 disciplina
683 2094 728 2157 et
753 2102 861 2158 cura
894 2102 1041 2156 rerum
1072 2072 1330 2155 rusticarum
1359 2072 1552 2181 neglecta
1582 2070 1669 2156 fuit
1687 2071 1731 2179 a)
1746 2132 1759 2174 ,
1791 2071 1829 2155 si

239 2214 439 2324 regiones
476 2211 612 2298 modo
656 2215 906 2326 exceperis,
954 2243 1067 2329 quae
1110 2213 1228 2316 Nili,
1276 2212 1539 2327 Euphratis,
1589 2212 1832 2299 aliorumve

235 2352 502 2458 fluminum,
552 2351 622 2437 vel
670 2351 976 2437 machinarum
1019 2383 1337 2471 servorumque
1381 2383 1514 2467 opera
1553 2355 1756 2464 irrigatae
1790 2374 1834 2437 et

150 2565 156 2573 Δ
237 2491 397 2595 cultae,
428 2493 699 2607 summisque
729 2495 930 2591 omnium
964 2493 1148 2579 deorum
1181 2525 1230 2578 uc
1262 2519 1440 2579 naturae
1472 2495 1730 2578 muneribus
1757 2481 1834 2579 adss

236 2637 380 2739 iutae,
425 2635 632 2717 maximas
670 2632 907 2719 fertilitatis
934 2658 1200 2721 memoratae
1233 2665 1389 2720 messes
1417 2664 1589 2748 semper
1626 2633 1830 2721 reddide-

240 2799 343 2863 runt
373 2804 633 2892 semperque
665 2774 922 2861 redditurae
953 2801 1066 2861 sunt.

351 2918 493 3004 Dictis
526 2917 737 3003 Varronis
778 2917 832 3003 de
864 2918 1089 3003 feracitate
1132 2918 1341 3004 frumenti
1381 2918 1446 3001 sni
1478 2920 1690 3035 temporis
1734 2920 1833 3035 plu-

240 3060 363 3149 rimis
403 3062 448 3143 in
488 3059 614 3144 ltalia
648 3060 757 3144 locis
799 3059 864 3144 uti
896 3058 1044 3159 liceat,
1099 3060 1347 3167 »Seruatur
1383 3060 1689 3187 fabaexmodii
1727 3092 1832 3179 qua·

238 3227 339 3290 tuor
370 3204 417 3286 in
457 3203 638 3315 iugero,
693 3200 825 3285 tritici
854 3200 918 3307 V,
963 3199 1089 3283 ordei
1113 3200 1200 3305 VI,
1243 3200 1452 3285 farrisX.
1520 3200 1606 3287 Sed
1646 3202 1848 3322 nonnul··

237 3347 291 3432 lis
329 3345 438 3431 locis
473 3343 625 3458 paullo
665 3341 876 3457 amplius,
919 3364 992 3426 aut
1032 3344 1191 3425 minus.
1252 3342 1298 3426 Si
1331 3343 1447 3425 eninr
1491 3341 1612 3425 locus
1649 3372 1829 3453 crassus,

238 3488 355 3603 plus,
382 3487 428 3602 si
447 3516 609 3590 macer,
641 3488 799 3572 minus.
860 3487 1010 3597 Quare
1038 3481 1303 3587 observabis,
1333 3506 1545 3598 quantum
1578 3484 1622 3565 in
1656 3486 1831 3595 regione

241 3625 512 3714 consuetudo
544 3648 605 3710 est
631 3626 830 3730 serendi,
863 3649 912 3710 ut
942 3649 1109 3711 tantum
1142 3624 1291 3725 facias,
1324 3645 1536 3737 quantum
1570 3622 1683 3707 valet
1711 3625 1829 3734 regio

239 3799 288 3854 ac
329 3783 463 3879 genus
502 3788 686 3868 terrae,
741 3790 783 3850 et
823 3797 875 3850 ex
916 3768 1075 3851 eodem
1122 3770 1288 3846 semine
1335 3760 1473 3845 aliubi
1515 3792 1616 3845 cum
1658 3762 1832 3849 decimo

241 3910 421 4012 redeat,
454 3904 592 3988 aliubi
622 3910 724 3989 cum
753 3905 1130 4023 quintodecimo,
1163 3926 1213 3987 ut
1243 3903 1287 3985 in
1316 3900 1523 3987 Hetruria
1554 3926 1597 3987 et
1626 3901 1731 3989 locis
1758 3906 1834 3989 ali·

242 4072 352 4166 quot
382 4050 428 4134 in
458 4047 583 4133 Italia
603 4047 724 4154 *lie
788 4045 976 4133 Causam
1006 4044 1247 4132 sterilitatis
1281 4044 1351 4128 sui
1383 4047 1591 4160 temporis
1621 4068 1835 4152 asseverat

245 4190 365 4277 idem
397 4214 548 4276 auctor
581 4188 647 4275 bis
677 4188 839 4276 verbis:
885 4218 1034 4273 »nunc
1066 4188 1180 4273 intra
1207 4216 1384 4271 murum
1415 4184 1507 4271 fere
1538 4208 1681 4299 patres
1713 4184 1837 4271 fami·

243 4332 328 4418 lias
375 4354 709 4448 correpserunt,
753 4332 917 4419 relictis
954 4330 1066 4417 falce
1107 4351 1150 4414 et
1190 4353 1359 4433 aratro,
1400 4350 1443 4413 et
1473 4356 1833 4413 manusmovere

244 4473 495 4560 maluerunt
530 4474 574 4557 in
607 4474 777 4561 theatro
812 4504 861 4559 ac
889 4474 1037 4578 circo,
1084 4501 1216 4588 quam
1250 4469 1295 4555 in
1320 4467 1535 4581 segetibus
1567 4499 1615 4553 ac
1649 4470 1845 4577 vinetis3'

241 4614 513 4701 frumentum
544 4616 765 4720 locamus,
800 4616 879 4736 qui
908 4614 1036 4702 nobis
1067 4603 1282 4733 advehar,
1314 4612 1393 4729 qui
1425 4614 1563 4697 saturi
1599 4608 1752 4697 fiamus
1783 4642 1834 4699 ex

300 4944 329 5024 ⁶)
350 4944 444 5013 Varr.
465 4944 605 5025 lib.11.,
627 4946 746 5031 praeis
778 4946 837 5015 cfr.
860 4944 932 5015 Col.
953 4944 1055 5032 praef.

287 5050 334 5131 “l
355 5050 449 5117 Varr.
471 5050 529 5120 tib.
551 5051 592 5117 ds
611 5052 649 5115 tt
670 5052 708 5121 R.
728 5053 773 5134 L,
803 5051 856 5131 44.
