4809 6142
531 570 578 639 de
602 515 770 667 uberem
784 568 975 662 frumenti
999 568 1231 663 temporibus
1256 568 1537 665 antiquissimis.
1757 572 1831 649 853

156 812 160 822 ’
237 788 322 889 cit,
358 780 562 869 laudibus
602 778 888 903 antiquorum
926 808 1043 872 totus
1078 788 1338 890 assentitur,
1375 784 1633 901 praesertim
1672 787 1717 871 in
1759 787 1834 873 de·

240 922 473 1013 scribenda
518 923 733 1013 ubertate·
759 928 962 1014 locorum
1008 926 1206 1042 Capuam
1246 928 1540 1014 adiacentium
1570 928 1634 1037 l¹).
1707 926 1833 1011 Sum·

237 1099 353 1154 mam
402 1068 463 1151 in·
495 1066 646 1152 Sicilia
686 1069 1033 1157 frumentaream
1074 1070 1320 1169 ubertatem
1362 1070 1451 1156 iam
1492 1069 1834 1155 memoravimus

236 1246 289 1300 ex
314 1211 542 1300 Strabonis
572 1236 616 1297 ct
635 1212 769 1299 Plinii
799 1215 1111 1299 monumentis.
1151 1213 1250 1297 Huc
1277 1212 1436 1335 referri
1466 1242 1645 1329 quoque
1675 1234 1831 1327 potest,

235 1353 359 1472 quod
387 1354 614 1467 Burigny,
655 1354 967 1469 inclytissimus
1004 1355 1080 1440 ille
1119 1354 1354 1441 Gallorum
1388 1356 1603 1469 scriptor,
1641 1383 1729 1439 non
1766 1386 1834 1441 so·

235 1497 330 1582 lum
352 1498 486 1585 verba
512 1526 667 1582 eorum
694 1500 879 1615 repetita
908 1495 1117 1601 affirmet,
1151 1496 1384 1602 sedetiam
1409 1496 1550 1583 addit:
1595 1495 1833 1605 »Promon-

209 1628 349 1725 'toria
384 1640 560 1726 Siciliae
597 1642 678 1725 trie
714 1639 881 1726 famose
915 1664 1017 1728 sunt
1051 1640 1275 1755 designata
1310 1670 1389 1755 per
1430 1663 1515 1725 tres
1553 1638 1754 1753 cuspides
1780 1640 1834 1723 ‘iu

233 1782 428 1869 nummis
459 1781 636 1868 Siciliae
671 1783 876 1900 antiquis.
927 1784 1010 1870 ,lbi
1046 1808 1179 1900 caput
1208 1781 1402 1885 videtur,
1443 1785 1560 1867 circa
1595 1782 1836 1899 quodsum

234 1950 321 2011 tres
356 1925 587 2040 cuspides,
635 1948 679 2011 et
707 1926 823 2011 inter
864 1955 1225 2045 unamquamque
1267 1926 1493 2039 cuspidem
1523 1927 1642 2039 spica
1677 1923 1733 2010 ad
1775 1927 1838 2009 in·

235 2065 469 2151 dicandam
506 2064 635 2151 huius
668 2067 834 2152 insulae
866 2066 1225 2155 foecunditatem.
1277 2068 1474 2155 Habetur
1513 2096 1833 2185 nonnunquam

233 2210 399 2321 optima
444 2210 603 2295 mundi
639 2231 781 2311 terra,
831 2238 913 2295 nec
956 2208 1075 2293 ullus
1118 2210 1183 2293 ibi
1226 2209 1355 2296 facile
1399 2208 1648 2295 invenietur
1683 2210 1832 2315 locus,

232 2351 343 2465 quin
380 2350 517 2462 possit
549 2349 620 2437 vel
656 2330 892 2433 marimam
928 2347 1261 2435 multitudinem
1297 2348 1529 2437 hominum
1567 2352 1756 2459 nutrire,
1792 2378 1836 2440 et

232 2513 526 2576 mercaturam
565 2490 914 2601 copiosissimam
948 2489 1179 2576 frumentis
1216 2490 1305 2574 suis
1343 2490 1529 2577 facere«
1591 2490 1651 2577 Et
1679 2496 1830 2607 paullo
1865 2508 1867 2511 ’

233 2632 371 2719 infra:
411 2631 635 2739 »Poetae.,
668 2661 861 2751 quorum
896 2628 1071 2718 fabulae
1102 2660 1229 2746 saepe
1259 2654 1360 2717 sunt
1389 2631 1589 2745 symbola
1618 2636 1830 2742 veritatis,

234 2770 477 2881 finxerunt,
519 2773 652 2861 boves
692 2776 797 2861 solis
842 2774 890 2858 in
928 2771 1079 2859 Sicilia
1112 2772 1245 2888 pasci.
1315 2774 1416 2886 Quo
1453 2773 1574 2860 dicto
1607 2773 1832 2888 siguifica-

235 2938 330 3001 tum
360 2917 621 3023 voluerunt,
655 2917 829 3003 nullum
857 2916 906 3000 in
931 2914 1100 3002 mundo
1132 2946 1342 3030 pascuum
1374 2946 1463 3003 esse
1494 2917 1664 3004 melius.
1710 2920 1829 3007 Haec

233 3080 351 3145 terra
391 3060 524 3145 etiam
559 3060 710 3147 bestiis
749 3058 992 3145 admodum
1028 3057 1235 3145 abundat.
1296 3060 1590 3147 Foecunditas
1621 3062 1714 3147 eius
1744 3066 1833 3149 exi·
1904 3104 1907 3115 ·

234 3202 325 3286 mia
364 3207 409 3286 in
444 3230 574 3288 causa
607 3203 717 3308 fuit,
760 3232 839 3287 cur
876 3201 1125 3307 diceretur,
1163 3203 1359 3288 Siciliam
1395 3232 1484 3288 esse
1516 3204 1832 3317 patrimonium

234 3340 412 3428 Cereris
452 3367 497 3430 et
535 3344 852 3460 Proserpinae,
911 3342 1133 3430 has'Ileas
1175 3342 1241 3429 ibi
1284 3368 1404 3429 natas
1449 3342 1608 3447 fuisse,
1652 3342 1716 3427 ibi
1759 3375 1834 3429 re-

207 3469 408 3595 ⁸guasse,
450 3486 516 3571 ibi
551 3488 650 3601 plns
693 3489 854 3600 gavisus
888 3470 1005 3589 esse,
1047 3469 1408 3601 quem'elicubh
1453 3484 1602 3569 lovem
1638 3482 1832 3603 denique
1967 3494 1969 3497 ’

228 3624 341 3710 hanc
394 3648 558 3712 terrem
608 3650 657 3713 ut
702 3613 876 3714 donum
917 3628 1113 3742 nuptiale
1163 3626 1453 3741 Proserpinae
1497 3623 1668 3713 dedisse
1697 3624 1830 3742 *fle

230 3766 488 3851 Fridericus
527 3765 737 3869 Miiuter,
779 3767 930 3879 paullo
966 3788 1064 3849 ente
1104 3735 1334 3869 laudatus,
1378 3766 1486 3851 haec
1522 3765 1663 3850 Solini
1699 3768 1834 3853 verba

231 3934 338 3992 vera
380 3934 470 3991 esse
519 3901 731 3995 affirmem
786 3904 1057 4022 »Quidquid
1097 3906 1247 4008 Sicilia
1284 3909 1444 4019 gignit,
1492 3909 1582 3994 sive
1622 3906 1707 3990 soli
1737 3908 1832 3993 foe·

231 4044 531 4153 surditatem,
569 4048 660 4134 sive
697 4046 927 4133 hominum
963 4049 1137 4161 ingenia
1166 4073 1333 4165 spectas
1354 4044 1524 4164 *We
1563 4071 1607 4134 et
1644 4048 1726 4134 iter
1752 4046 1832 4135 Pa·

231 4220 389 4277 normo
420 4190 585 4278 faciens
622 4169 908 4306 Agrigentum
940 4213 1145 4297 testatur,
1182 4191 1307 4308 quod
1339 4191 1537 4303 regiones
1569 4188 1649 4275 hae
1683 4189 1831 4278 admo·

233 4332 339 4419 dum
371 4332 611 4447 frugiferae
638 4318 740 4439 sint,
774 4356 819 4420 et
841 4333 1057 4419 nonnulla
1087 4332 1416 4417 interMontem
1442 4331 1609 4443 regium
1640 4353 1685 4416 et
1708 4330 1833 4415 Alce-

28 4537 31 4580 ;
140 4456 186 4607 Px
231 4502 354 4560 mum
385 4477 482 4562 loce
513 4480 606 4564 eius
639 4462 872 4584 bonitatis,
907 4499 966 4564 ut
989 4475 1059 4562 vix
1088 4480 1288 4592 quinque
1320 4460 1561 4587 digitorum
1595 4470 1828 4561 altitudine

299 4844 327 4918 ἢ
348 4842 394 4916 Ε,
407 4842 563 4904 Miinter's
584 4840 843 4928 Esserretninger
860 4863 913 4905 om
932 4843 1025 4924 begga
1039 4838 1218 4904 Siciliernc.
1266 4861 1277 4900 ι
1294 4839 1394 4915 Dect',
1407 4858 1481 4923 pag.
1497 4836 1548 4923 76.

278 4947 325 5028 “)
344 4948 489 5013 Histoire
505 4949 546 5012 dc
565 4948 664 5012 Sicile
679 4972 741 5035 par
759 4951 827 5013 Μ’.
845 4948 886 5012 de
902 4950 1052 5033 Burigny.
1084 4948 1173 5014 Tem.
1185 4949 1227 5023 1.,
1250 4946 1375 5033 pag.58
1391 4960 1424 5011 ct
1435 4948 1485 5032 59

260 5055 325 5134 m)
345 5055 421 5122 Loc.
444 5055 500 5123 cit.
525 5077 596 5142 pag.
608 5078 679 5141 ²99·
