4809 6142
403 618 407 626 .
546 562 598 664 de-
616 559 784 635 ubertate
798 560 987 655 frumenti
1011 556 1241 653 temporibus
1265 561 1546 657 antiquissimis.
1764 570 1839 647 847

257 779 341 878 iis,
378 778 456 899 qui
497 806 724 894 nunquam
761 775 1070 887 babylonicam
1102 778 1326 890 regionem
1368 736 1595 883 adierunt,
1639 806 1751 894 quae
1783 780 1837 867 de
1919 842 1925 855 .

30 924 35 932 ’
150 945 155 957 ’
258 918 482 1034 frugiferis
512 920 629 1008 dicta
660 922 749 1005 iarn
778 942 902 1024 sunt,
944 949 1158 1036 perquam
1193 916 1472 1017 incredibilia
1504 920 1643 1006 visum
1673 923 1731 1007 iri
1751 922 1836 1033 *l*

258 1061 607 1175 Theophrastus,
644 1064 723 1179 qui
763 1061 1015 1176 olympiade
1059 1091 1150 1147 120.
1191 1062 1263 1147 vel
1301 1085 1396 1147 ante
1434 1060 1659 1168 Christum
1690 1088 1839 1151 natum

258 1230 392 1303 annos
423 1203 539 1287 circa
569 1204 653 1287 300
685 1202 809 1305 vixit,
841 1206 1078 1289 memoriae
1109 1204 1236 1290 nobis
1270 1203 1474 1291 tradidit:
1510 1204 1669 1322 »Apud
1696 1206 1839 1320 Baby·

257 1343 406 1443 Ionem
435 1373 606 1458 semper
636 1364 680 1427 et
708 1344 832 1457 quasi
863 1340 1063 1430 ordinate
1090 1347 1157 1432 bis
1187 1347 1372 1439 tondent
1399 1372 1568 1456 satum,
1609 1352 1737 1437 tertio
1765 1382 1840 1467 pe-

260 1512 335 1567 cus
364 1481 612 1571 admittunt.
672 1483 743 1569 Sic
772 1483 892 1569 enim
923 1486 1094 1573 caulem
1125 1489 1284 1593 mittit,
1324 1492 1493 1608 alioqui
1522 1491 1643 1577 foliis
1674 1515 1842 1578 tantum

257 1628 441 1731 lascivit.
508 1625 567 1714 Et
615 1627 902 1740 negligentius
954 1629 1136 1745 quidem
1182 1632 1427 1720 colentibus
1477 1634 1840 1750 quinquagesimo

260 1797 361 1869 cnm
398 1766 575 1855 faenore
617 1797 776 1854 messes
813 1766 1083 1875 redduntur,
1133 1770 1385 1885 diligentius
1423 1802 1527 1863 vero
1569 1803 1670 1859 cnm
1703 1795 1843 1859 cente·

258 1910 369 2011 simo
392 1906 506 2017 *ile
569 1905 738 1994 Eadem
772 1907 906 2014 refert
929 1908 1126 2018 Plinius,
1159 1914 1356 2002 remedia
1386 1914 1592 2002 adversus
1622 1888 1842 1998 luxuriam

258 2071 452 2164 segetum
481 2049 807 2164 praescribens,
839 2071 883 2135 ct
912 2047 1102 2157 addens,
1144 2054 1288 2169 ipsum
1316 2054 1461 2160 solum
1494 2053 1629 2155 exile,
1669 2051 1738 2135 his
1766 2051 1842 2155 ob:

259 2192 468 2293 servatis,
500 2212 663 2275 tantam
695 2187 884 2275 reddere
910 2220 1107 2276 messem.
1172 2196 1278 2280 »sic
1305 2224 1501 2307 quoque,
1536 2193 1708 2307 inquit,
1743 2222 1843 2275 cum

257 2328 621 2445 quinquagesimo
647 2326 827 2412 faenore
859 2356 1017 2413 messes
1044 2329 1193 2419 reddit
1225 2331 1392 2417 exilitas
1422 2331 1524 2435 soli,
1555 2358 1710 2446 verum
1743 2330 1845 2429 dili7

259 2469 531 2582 gentioribns
561 2470 662 2553 cum
690 2471 926 2553 centesimo
949 2464 1091 2583 mh«
1153 2470 1291 2554 Marc.
1319 2469 1551 2567 Terentius
1582 2468 1742 2574 Varro,
1779 2499 1845 2555 se·

259 2640 344 2696 nex
372 2609 448 2694 ille
480 2608 621 2720 gravis
651 2606 942 2719 agriculturae
973 2628 1150 2711 auctor,
1183 2606 1263 2693 hac
1295 2606 1350 2694 de
1383 2640 1429 2694 re
1461 2611 1521 2694 ita
1549 2637 1639 2694 sese
1671 2638 1844 2724 express

259 2754 336 2837 sit:
379 2749 702 2855 »Observabis,
750 2770 966 2867 quantum
1011 2747 1125 2837 valet
1161 2753 1365 2867 reginae
1401 2778 1535 2863 genus
1566 2771 1736 2857 terrae,
1777 2770 1843 2850 ut,

260 2925 313 2994 ex
341 2891 497 2980 eodem
528 2893 692 2980 semine
718 2891 858 2977 aliubi
888 2882 988 2978 cum
1021 2892 1193 2979 decimo
1226 2866 1394 3000 redeat,
1427 2894 1567 2979 aliubi
1593 2923 1693 2989 cum
1720 2894 1847 3010 quin-

263 3033 486 3138 todecimo
503 3098 517 3140 ,
560 3060 609 3120 nt
638 3034 925 3145 in‚Hetruria
956 3058 998 3121 et
1027 3035 1135 3120 locis
1165 3033 1338 3151 aliquot
1374 3036 1420 3117 in
1451 3033 1600 3138 Italia,
1634 3034 1680 3116 in
1712 3032 1846 3145 Syba-

263 3180 406 3263 ritano
433 3175 587 3261 dicunt
610 3177 743 3263 etiam
775 3206 877 3260 cum
908 3179 1144 3262 centesimo
1175 3176 1321 3261 redire
1353 3170 1529 3261 solitum
1561 3171 1770 3291 (semen),
1798 3176 1845 3259 in

262 3317 388 3429 Syria
418 3316 474 3402 ad
501 3316 677 3404 Garada
704 3343 746 3404 et
771 3320 817 3402 in
848 3300 1000 3401 Africa
1030 3315 1086 3401 ad
1116 3318 1486 3431 Byzacium'itcm
1513 3348 1566 3402 ex
1594 3316 1745 3403 modio
1771 3346 1848 3401 na·

260 3459 324 3542 sci
349 3482 524 3545 centum
544 3455 655 3576 †).«
725 3458 895 3544 Plinius
936 3457 1055 3544 idem
1093 3455 1284 3545 affirmat
1308 3458 1424 3543 hisce
1451 3456 1606 3543 verbis.
1679 3456 1848 3569 »Liby-

260 3597 495 3712 phoenices
533 3620 744 3684 rocantur
761 3660 776 3703 ,
827 3599 905 3715 qui
943 3597 1180 3711 Byzacium
1219 3595 1430 3681 incolunt.
1498 3594 1562 3680 Ita
1602 3594 1846 3709 appellatur

262 3739 382 3851 regio
421 3740 471 3823 C.
509 3739 559 3821 C.
589 3741 641 3819 L.
677 3740 736 3820 Μ.
775 3767 884 3851 pass.
924 3767 1004 3850 per
1046 3738 1313 3837 circuitum,
1362 3734 1598 3819 fertilitatis
1636 3736 1844 3843 eximiae,

261 3908 365 3981 ,cum
397 3877 633 3962 centesima
662 3874 787 3990 fruge
819 3876 1022 3989 agricolis
1047 3874 1199 3962 faenus
1221 3871 1434 3961 reddente
1457 3876 1707 3984 terra††).«
1749 3875 1845 3991 Ipse

302 4158 336 4233 'J
355 4140 515 4226 Herodot.
538 4156 758 4225 Halicarnaso.
779 4154 855 4225 hiet.
876 4154 951 4219 libr.
964 4157 990 4220 1.
1018 4175 1087 4241 cap.
1104 4156 1172 4240 ¹95·
1198 4154 1267 4219 cu.
1282 4154 1534 4236 Bctraclttungcu
1550 4155 1629 4217 iiber
1646 4152 1700 4216 die
1715 4153 1849 4217 Fruclu·

384 4263 505 4328 barleit
524 4265 606 4328 oder
629 4262 926 4348 Uusruclttbarlrcit,
947 4265 1025 4327 iiber·
1045 4262 1109 4324 den
1129 4261 1322 4341 vormaligerr
1343 4259 1413 4321 und
1428 4260 1684 4340 gegemvrirtigcn
1704 4256 1850 4319 Zustand

386 4368 447 4433 der·
475 4372 691 4434 vernelrmsteu
722 4368 853 4433 Lri'uder
881 4371 917 4431 iu
941 4369 1059 4445 Arica,
1088 4388 1155 4432 von
1184 4366 1219 4431 C.
1240 4366 1391 4430 Meiucrs.
1432 4364 1545 4429 Erstcr
1572 4364 1676 4432 Baud.
1707 4363 1844 4438 Liibcclr,

389 4479 477 4561 ¹⁷9⁵·
506 4479 671 4563 nae-12⁸.
890 4485 900 4493 ·

290 4588 342 4661 *η
365 4584 524 4673 Theophr.
547 4586 588 4649 de
608 4586 683 4650 hiet.
702 4585 805 4672 plant.
825 4584 883 4649 lib.
896 4584 991 4654 VIII.
1011 4584 1163 4671 cap.V11.

243 4776 247 4782 ῃ
274 4694 345 4770 Μ)
363 4692 450 4760 Ptin.
470 4690 545 4757 hist.
565 4700 630 4760 nat.
649 4691 780 4757 XVIII.
802 4713 872 4778 cap.
885 4692 999 4758 XVII.

303 4806 346 4880 r)
365 4797 473 4863 Varro
493 4800 535 4863 <10
554 4822 591 4863 re
610 4800 742 4881 rustica,
763 4801 819 4866 lib.
831 4802 869 4882 t,
890 4822 959 4887 cap.
974 4800 1093 4870 mv.
1119 4797 1249 4883 Sybaris
1271 4806 1321 4862 ert
1340 4794 1428 4878 urbs,
1449 4792 1538 4859 hund
1556 4793 1654 4879 longa
1675 4790 1847 4857 aTaranto

387 4907 424 4968 in
444 4906 539 4973 ltalia
560 4908 710 4973 inferiori
728 4910 842 4995 posita.

284 5021 350 5098 st)
369 5016 554 5101 Byzacium,
572 5017 673 5083 hodia
692 5016 808 5097 Tanis,
829 5017 864 5081 in
880 5015 1014 5101 regione
1035 5014 1083 5082 ric
1103 5012 1190 5085 dieta
1202 5014 1297 5099 syrte
1309 5010 1445 5078 minore.
1487 5007 1574 5079 Plin.
1594 5006 1714 5089 lihv,
1735 5005 1844 5093 eap.4.
