4809 6142
580 569 654 660 '860
992 596 995 601 ’
1100 575 1130 646 J.
1182 575 1658 666 sarsana-so,

582 824 587 831 ·
699 793 825 878 Ratio
853 792 986 904 igitur
1017 814 1104 875 tarn
1135 793 1261 905 parvi
1292 787 1458 875 reditus
1490 818 1695 874 arvorum
1727 816 1817 871 non·
1846 791 1889 872 in
1923 790 2063 895 arvis,
2084 790 2176 875 sed

581 939 858 1021 in‘arvorum
881 933 1139 1038 cultoribus,
1170 934 1258 1032 vei,
1291 955 1339 1018 ut
1367 962 1466 1015 curu
1497 932 1549 1016 L.
1575 931 1716 1016 Plinio
1743 930 1941 1016 Caecilio
1967 930 2179 1033 Secundo

580 1078 832 1193 loquamur,
869 1076 945 1157 »in
979 1075 1203 1159 communi
1235 1073 1442 1189 temporis
1469 1072 1702 1187 iniquitate
1716 1072 1792 1179 ’θαι
1826 1072 2033 1186 ponenda
2061 1096 2175 1158 erat.

581 1218 730 1331 Captis
757 1218 875 1301 enim
907 1215 1170 1328 Cartbagine
1201 1240 1244 1301 et
1271 1215 1511 1319 Corintho,
1544 1217 1786 1301 immensae
1813 1216 2068 1301 divitiarum
2096 1247 2175 1303 co·

578 1363 676 1477 piae
717 1362 763 1443 in
796 1359 967 1445 Italiam
1001 1358 1281 1444 influxerunt.
1332 1357 1744 1477 ¹Villarum‘itaque
1775 1388 2064 1473 possessores,
2106 1382 2176 1443 tot

578 1504 834 1619 magnisque
866 1533 1017 1587 rerum
1048 1500 1373 1586 abundantibus
1401 1498 1583 1603 divites,
1617 1529 1785 1584 morem
1817 1501 1944 1585 illum
1974 1524 2174 1587 veterem

577 1646 1009 1764 perseverandissimi
1048 1645 1338 1731 colendorum
1376 1670 1580 1755 agrorum
1611 1640 1745 1727 studii
1778 1642 2076 1758 reliquerunt,
2125 1668 2175 1729 et

575 1790 754 1904 publice
790 1811 1001 1903 concepta
1041 1810 1084 1873 et
1112 1783 1381 1901 ¹confirmata
1424 1806 1519 1870 erat
1560 1782 1623 1867 his
1665 1784 1936 1899 temporibus
1976 1785 2172 1898 vulgaris

578 1931 864 2032 existimatio,
913 1959 1007 2013 rem
1046 1928 1252 2012 rusticam
1291 1924 1521 2011 sordidum
1563 1955 1697 2039 opus,
1737 1948 1780 2010 et
1820 1924 1868 2009 id
1908 1956 2172 2038 essenego·

578 2079 716 2173 tium,
746 2069 869 2187 quod
888 2071 1050 2153 nuliius
1071 2092 1192 2181 egeat
1219 2070 1465 2180 magisterio
1485 2068 1795 2182 praeceptoris.
1838 2066 2014 2155 Omnes·
2029 2072 2167 2174 euim,

487 2306 490 2310 ,
580 2213 653 2340 ait!
672 2208 947 2313 Columella,
985 2232 1128 2321 patres
1161 2207 1382 2314 familiae,
1424 2209 1613 2295 falceet
1647 2232 1791 2295 aratro
1824 2210 2012 2315 relictis,
2055 2214 2168 2309 intra

384 2450 399 2461 ,
480 2408 483 2414 .
579 2350 756 2437 murum
789 2351 1108 2465 correpsimus,
1150 2373 1194 2435 et
1226 2351 1270 2434 in
1301 2350 1428 2435 circis
1458 2352 1602 2466 potius
1635 2382 1683 2436 ac
1718 2353 1920 2457 theatris,
1959 2384 2091 2472 quam
2118 2356 2161 2438 io

577 2494 794 2607 segetffius
823 2517 867 2578 et
899 2493 1054 2578 vinetis
1083 2521 1235 2576 manus
1268 2522 1521 2600 movemus,
1562 2496 1824 2613 attonitique
1853 2496 2066 2581 miramur
2099 2528 2193 2610 ge.

477 2684 480 2690 ·
578 2658 667 2720 stus
704 2634 1115 2732 effoeminatorum,
1161 2632 1283 2750 quod
1319 2666 1341 2719 a
1376 2658 1533 2721 natura
1571 2664 1720 2721 sexum
1754 2639 1860 2723 viris
1905 2636 2163 2749 denegatum

579 2775 790 2863 muliebri
829 2798 949 2861 m'otu
990 2777 1282 2880 mentiantur,
1336 2774 1646 2897 decipiantque
1684 2782 1833 2866 oculos
1864 2782 2164 2897 spectantium.

577 2915 682 3003 Mox
718 2917 905 3019 deinde,
943 2942 996 3001 ut
1020 2922 1109 3031 apti
1137 2919 1363 3003 veniamus
1393 2919 1449 3004 ad
1480 2951 1659 3033 ganeas,
1687 2921 1989 3039 quotidianam
2018 2923 2165 3007 crudi·

548 3079 710 3147 ‘tatem
747 3060 977 3146 Laconicis
1015 3060 1300 3175 excoquimus
1336 3084 1379 3146 et
1417 3087 1592 3149 exsucto
1639 3064 1799 3151 sud-ore
1843 3067 1959 3151 sitim
1997 3068 2167 3182 quaeri·

580 3232 710 3308 mus,
761 3227 995 3319 noctesque
1047 3200 1308 3288 libidinibus
1352 3227 1395 3289 et
1441 3206 1763 3311 ebrietatibus,
1809 3207 1903 3294 dies
1952 3207 2058 3294 ludo
2096 3210 2165 3293 rol

578 3376 731 3432 somno
763 3347 1075 3447 consumimus,
1101 3374 1149 3428 ac
1182 3369 1351 3429 nosmet
1378 3347 1723 3461 ipsos'ducimus
1749 3350 2009 3456 fortunatos,
2045 3351 2165 3469 quod

582 3518 662 3573 uec
695 3488 910 3571 orientem
942 3486 1079 3571 solem
1113 3484 1340 3589 videmus,
1385 3517 1464 3572 uec
1495 3489 1770 3576 occidentem
1791 3488 1875 3608 iffi).

697 3628 788 3714 Nec
826 3630 971 3742 itaque
1010 3628 1197 3728 mirum,
1244 3629 1279 3712 si
1316 3627 1375 3711 ita
1419 3629 1535 3741 turpi
1575 3638 1965 3745 quasi-consensu,
1998 3631 2162 3721 deserta

539 3754 832 3856 <xerrolevisset
864 3767 1099 3883 disciplina
1130 3770 1245 3853 ruris
1283 3768 1560 3883 temporibus
1586 3769 1886 3876 Columellas,
1934 3804 2035 3857 arva
2066 3805 2165 3857 cum

579 3936 666 3997 tam
715 3913 869 4029 exiguo
921 3910 1223 4026 respondisse,
1276 3911 1564 4029 modiumque
1605 3913 1848 4017 frumeuti,
1892 3917 1969 4032 qni
2013 3914 2166 4001 diebus

577 4054 788 4143 Varronis
833 4072 902 4153 αν,
947 4051 1017 4137 vel
1055 4054 1085 4157 4
1123 4056 1329 4140 sestertiis
1366 4077 1568 4165 venerat,
1623 4054 1776 4176 (uter
1808 4058 2037 4145 Ciceronis
2072 4088 2167 4143 ora·

579 4195 700 4282 tione¹
741 4196 787 4279 in
824 4177 1010 4281 Verrem
1054 4195 1231 4282 videtur
1256 4198 1362 4306 W)
1393 4227 1511 4283 nuno
1563 4228 1610 4283 ra
1652 4200 1860 4285 sestertiis
1894 4202 2165 4284 aestimatum

576 4366 697 4440 esse,
748 4335 853 4423 iicet
900 4338 973 4423 rix
1023 4339 1295 4451 septuaginta
1339 4341 1442 4425 anui
1484 4341 1580 4426 hoo¹
1617 4342 1848 4427 intervallo
1907 4366 2047 4433 esseut
2087 4342 2164 4424 vin·

562 4478 765 4565 ›teriecti

692 4618 787 4705 Hoc
815 4618 915 4706 loco
944 4618 1062 4707 baud
1092 4647 1117 4707 a
1147 4624 1243 4711 veri
1270 4627 1413 4741 specie
1441 4625 1839 4715 alienumvidetur
1870 4626 2052 4733 addere,
2081 4626 2161 4711 Ro·

641 4851 877 4931 quibunt,
910 4854 1002 4939 epist.
1029 4872 1076 4938 tq
1153 4876 1157 4881 ’

626 4958 678 5035 *ἢ
700 4958 770 5020 cot.
788 4957 888 5044 praef.
1089 4972 1093 4978 ’
1169 5041 1177 5061 ,

604 5067 673 5143 m)
694 5063 762 5131 Cio.
784 5072 864 5131 orat
885 5062 921 5127 in
942 5066 1177 5135 VerremVIII.
