4809 6142
507 640 582 727 480
846 636 894 707 D.
928 634 980 713 H.
1015 633 1179 708 Horra
1216 656 1269 709 aa
1302 637 1344 707 F.
1378 634 1743 731 Hoauscanca‚

710 852 865 924 Habitat
903 852 1071 943 Tergesti
1107 854 1143 921 in
1178 851 1267 922 locis
1306 850 1482 921 sabulosis
1514 854 1582 923 snb
1623 854 1825 947 lapidibus,
1866 860 1904 927 in
1930 864 2102 933 societate

487 1036 489 1039 .
514 975 552 1047 C.
582 978 739 1048 rostrati
763 988 800 1051 et
825 976 1019 1048 attenuati.

634 1173 816 1257 Descr.
878 1170 1022 1285 Caput
1053 1191 1345 1273 attenuatum,
1378 1168 1598 1256 subtiliter
1618 1196 1888 1286 punctatum.
1929 1178 2105 1265 Thorax
2167 1196 2178 1205 ‘
2224 1196 2228 1201 ’

514 1315 824 1431 punctnlatus‚
867 1312 983 1397 linea
1016 1310 1418 1427 impressa-dorsali
1448 1311 1749 1419 subobsoleta,
1791 1319 1932 1404 antice
1963 1322 2105 1405 uttin·
2174 1333 2181 1339 “

514 1488 600 1573 que
638 1457 682 1539 in
724 1454 902 1567 angulos
940 1460 1102 1539 anticos
1143 1475 1422 1537 excurrente:
1466 1455 1511 1537 in
1554 1453 1680 1538 fovea
1721 1481 1818 1542 ante
1862 1462 2103 1574 marginem

513 1598 727 1710 posticum
759 1594 998 1680 tuberculis
1031 1593 1202 1679 duobus
1234 1592 1431 1677 nitidulis
1463 1596 1656 1707 insignis.
1716 1597 1871 1710 Elytra
1902 1628 2102 1707 connata,

512 1733 603 1823 fere
639 1760 1046 1852 rugoso-punctam,
1081 1736 1208 1821 lineis
1241 1732 1379 1819 tribus
1411 1734 1771 1822 cateniformibus
1802 1740 2103 1829 subobsoletis.

513 1904 517 1911 ’
601 1854 750 1963 'Oba
811 1876 849 1960 A
892 1872 1059 1987 Cychro
1098 1892 1283 1961 rostrato
1326 1874 1403 1979 F.,
1452 1881 1525 1960 cui
1570 1877 1697 1965 valde
1738 1877 1908 1987 affinis,
1956 1882 2105 1969 differt

510 2016 809 2129 magnitudine
842 2015 1067 2120 inferiori,
1100 2016 1244 2099 nitore
1273 2017 1415 2098 minus
1440 2019 1698 2131 perspicuo,
1731 2021 1907 2109 thorace
1937 2026 2103 2139 postice

512 2160 647 2270 magis
692 2158 934 2243 naviculari
975 2182 1019 2243 et
1063 2157 1230 2266 angulis
1278 2156 1455 2270 posticis
1506 2163 1638 2272 magis
1686 2162 1878 2248 elevatis.
1949 2165 2104 2278 Elytra

511 2328 647 2411 porro
689 2328 790 2382 eum
833 2297 1103 2407 distinguunt
1140 2297 1232 2381 basi
1281 2298 1521 2412 impressa,
1571 2301 1764 2390 humeris
1806 2306 2100 2420 prominentia

514 2460 644 2552 atque
676 2435 925 2543 rotundare,
957 2436 1118 2553 quibus
1147 2436 1467 2527 characteribus
1487 2442 1634 2530 cordis
1655 2446 1844 2534 formam
1863 2449 2072 2537 referunt.

668 2776 716 2884 ὅ.
769 2778 1009 2886 carabus
1039 2779 1238 2885 Kronii
1264 2779 1468 2930 Hoppe,
1514 2795 1623 2885 Tab.
1646 2795 1782 2887 XLV.
1813 2800 1908 2916 Fig.
1927 2832 1966 2885 2.

636 3072 687 3160 C.
721 3073 873 3184 niger,
907 3100 1036 3187 supra
1068 3070 1440 3179 aurato-viridis,
1489 3070 1664 3158 thorace
1708 3070 1924 3189 quadrato
1960 3074 2105 3161 lateri·

519 3218 600 3301 bus
650 3214 884 3300 rotundato
937 3214 1101 3329 postico
1150 3211 1398 3327 paullulum
1447 3235 1661 3317 retracto,
1717 3214 1883 3326 angulis
1927 3205 2103 3331 posticis

521 3354 954 3472 subprominentibus
971 3418 985 3461 ,
1029 3354 1179 3467 elytris
1210 3356 1345 3439 oratis
1382 3354 1668 3440 subconvexis
1698 3354 1850 3440 obtuse
1888 3359 2105 3441 acumina·

524 3503 608 3605 tis,
658 3500 783 3586 lineis
824 3497 962 3583 tribus
1003 3496 1179 3583 elevatis
1224 3496 1436 3611 contiguis
1477 3496 1680 3612 lineaque
1713 3527 1799 3581 una
1829 3497 2104 3584 cateniformi

522 3668 588 3730 ter
625 3642 814 3727 alternis.

648 3784 784 3894 Long.
830 3778 900 3889 1'';
961 3781 1032 3867 lat.
1079 3768 1224 3892 elytr(
1254 3779 1401 3866 media
1449 3775 1575 3887 4¹l2m3
1637 3782 1753 3893 long.
1800 3778 1927 3894 elytr.
1971 3779 2063 3895 7⁸la”'
2088 3794 2136 3887 ς’

525 3923 686 4009 thorae.
718 3923 834 4037 long.
867 3920 980 4007 med.
1015 3918 1137 4031 a¹la''‘;
1167 3900 1240 4008 lat.
1272 3922 1414 4010 antica
1445 3922 1511 4007 3'“.

723 4136 878 4211 Habitat
901 4140 939 4209 in
956 4151 1093 4230 moute,
1119 4137 1345 4233 Unteraberg
1367 4138 1481 4231 dieto,
1507 4160 1625 4234 propa
1640 4136 2106 4234 richburgam-Etiam

525 4262 731 4334 Murmura
757 4260 914 4332 Alsatica
938 4262 1067 4331 missus
1093 4269 1158 4331 est.
1487 4283 1490 4293 ·
1628 4287 1630 4290 ·

644 4498 821 4583 Dese-r.
863 4497 1007 4612 Caput
1036 4498 1223 4609 nigrum.
1278 4495 1504 4595 Antennae
1535 4497 1682 4608 nigrae
1693 4535 1709 4601 ,·
1742 4494 1940 4582 radicula
1968 4498 2106 4612 picea.

528 4641 737 4726 Thoracis
788 4638 935 4751 anguli
988 4628 1143 4753 postici
1198 4670 1331 4757 quam
1379 4640 1425 4723 in
1473 4637 1520 4724 C.
1551 4637 1729 4744 monili,
1792 4640 1865 4724 cui
1908 4637 2106 4752 proxime

530 4780 722 4884 accedit,
768 4782 902 4893 magis
932 4781 1261 4895 prominentes,
1305 4780 1365 4866 ita
1395 4804 1443 4865 ut
1471 4780 1591 4884 fere,
1638 4780 1780 4865 levem
1809 4781 1844 4863 si
1876 4777 2022 4864 demas
2050 4779 2107 4862 si·

529 4920 806 5026 num,'cum
844 4924 978 5009 latere
1020 4948 1137 5011 recta
1173 4945 1406 5009 excurrant
1449 4922 1576 5007 linea.
1648 4920 1854 5034 Elytrum
1898 4918 2106 5010 hocfere

531 5062 663 5168 modo
694 5061 985 5179 exsculptum:
1023 5086 1196 5151 suturae
1229 5087 1315 5151 tres
1346 5064 1545 5150 adiacent
1572 5061 1714 5151 lineae
1746 5060 1961 5165 elevatae,
2004 5090 2107 5147 con·
