4809 6142
520 517 610 670 Ι698
867 517 875 536 ’
1030 565 1569 678 emorimur,
1673 531 1676 540 ,

660 793 723 877 Ita
756 791 962 876 Cuvcrt‘us
990 786 1047 897 (l.
1070 816 1106 870 c.
1139 817 1233 900 pag.
1266 780 1388 899 103.)
1420 785 1595 870 dentem
1623 783 1833 869 molarem
1866 783 2130 868 anteriorem

544 935 776 1047 septimum
815 933 943 1018 illum
977 952 1107 1046 atque
1138 927 1369 1040 exiguum,
1413 957 1545 1042 quem
1579 925 2014 1038 complementarium
2046 927 2131 1010 Te-

543 1107 629 1158 non
664 1077 888 1177 salutavit,
938 1102 961 1155 a
998 1071 1174 1157 maxilla
1206 1069 1417 1154 inferiore
1451 1067 1596 1153 abesse
1633 1067 1812 1172 scribit3
1854 1098 1952 1151 cnm
1985 1070 2131 1152 minor

542 1217 819 1302 solummodo
850 1218 1093 1329 superiore,
1127 1214 1423 1328 brevioreque
1446 1214 1655 1326 temporis
1682 1211 1913 1298 intervallo
1939 1213 2128 1298 caducus

544 1360 757 1445 dicendus
787 1359 853 1443 sit.

661 1501 826 1586 Omnes
858 1500 1069 1602 demum,
1103 1521 1323 1616 quotquot
1358 1497 1620 1584 adduximus
1653 1520 1878 1598 auctores,
1927 1495 2132 1581 dentibus

542 1645 738 1748 caninis,
769 1643 893 1746 sive,
925 1664 974 1725 ut
1004 1671 1105 1725 cum
1139 1642 1338 1727 Varrone
1360 1642 1417 1749 tr)
1445 1639 1611 1742 dicam,
1642 1635 1982 1722 columellaribus
2010 1639 2133 1754 equi·
2236 1651 2243 1661 '

542 1791 609 1871 nis
629 1783 960 1900 persistentibus
990 1783 1190 1896 praevios
1222 1813 1309 1868 esse
1343 1777 1529 1868 caducos
1557 1809 1673 1884 snos,
1706 1809 1782 1864 seu
1803 1780 1980 1882 lacteos,
2014 1783 2132 1891 igno·

542 1959 655 2013 rasse
686 1926 904 2011 videntur.
974 1923 1107 2034 Quod
1148 1923 1330 2042 quidem
1360 1950 1403 2012 et
1439 1924 1620 2010 exilitati
1652 1923 1809 2007 horum
1841 1923 2041 2008 dentium
2071 1923 2132 2006 la-

447 2159 453 2170 „
544 2065 772 2171 eteorum,
805 2069 852 2150 in
878 2068 1047 2179 riventi
1079 2066 1257 2150 animali
1287 2066 1369 2150 snb
1401 2066 1584 2178 gingivis
1611 2065 1852 2177 plurimum
1880 2063 2127 2167 latentium,

543 2246 566 2295 e
609 2211 834 2297 maceratis
874 2239 978 2293 vero
1025 2209 1182 2290 craniis
1221 2205 1432 2316 facillime
1479 2204 1800 2309 deciduornm,
1848 2228 1891 2291 et
1927 2209 2129 2319 praecoci
2242 2221 2251 2236 ’

543 2385 723 2456 eorum,
757 2353 992 2436 tenerrima
1022 2353 1107 2432 iarn
1139 2349 1274 2460 primi
1306 2350 1407 2430 anni
1439 2370 1573 2433 aetate
1600 2347 1806 2432 subeunti
1837 2347 2053 2451 iacturae,
2087 2373 2129 2432 et

544 2475 720 2582 insolito
738 2558 754 2601 ,
795 2495 865 2579 vel
887 2492 1040 2604 potius
1071 2492 1390 2604 inexspectat0,
1424 2492 1468 2573 in
1503 2488 1713 2610 inferiore
1749 2489 1901 2574 saltem
1933 2491 2126 2594 maxilla,

543 2636 787 2753 eruptionis
815 2635 913 2718 loco
947 2632 1083 2717 tribui
1115 2635 1290 2747 poterit.

658 2784 783 2891 Quae
831 2780 1125 2890 neglectarum
1165 2777 1389 2894 bucusque
1428 2775 1784 2864 observationum
1829 2806 1981 2865 causae
2024 2810 2130 2895 qno-

476 3009 479 3029 ,
543 2921 854 3035 modocunque
887 2949 930 3002 se
965 2917 1173 3019 habeant,
1214 2917 1327 3002 illud
1358 2921 1647 3004 certissimum
1680 2943 1767 3023 est,
1811 2944 1984 3033 praeter
2014 2953 2131 3007 sero·

544 3055 743 3148 tinos'et
787 3092 865 3174 per
911 3089 1087 3142 omnem
1127 3057 1321 3143 adultam
1353 3060 1487 3144 vitam
1519 3059 1755 3164 durantes,
1804 3063 1934 3144 etiam
1970 3061 2132 3147 lacteos
2184 3109 2186 3111 ·
2225 3065 2231 3073 ’

541 3238 616 3290 seu
648 3202 836 3304 caducos
863 3202 1040 3285 caninos
1073 3199 1221 3285 dentes
1253 3202 1298 3282 in
1331 3204 1495 3317 equino
1524 3232 1680 3312 genere
1705 3223 1821 3286 certa
1842 3225 1885 3286 et
1905 3228 2124 3289 constante

541 3346 729 3462 quadam
761 3345 853 3456 lege
882 3345 1091 3454 generari.
1121 3442 1123 3445 v
1153 3339 1297 3455 Atque
1331 3344 1538 3458 quidem,
1578 3367 1627 3428 ut
1658 3345 1786 3428 totius
1820 3345 1884 3428 rei
1915 3376 2129 3432 summam

543 3489 691 3602 paucis
723 3486 1020 3598 complectar,
1060 3484 1105 3562 iu
1138 3481 1233 3592 ipso
1265 3482 1388 3593 pullo
1400 3546 1411 3586 ,
1454 3485 1767 3572 nonnullarum
1801 3483 2129 3571 hebdomadum

542 3653 638 3744 post
678 3653 852 3742 partum
893 3622 1152 3724 intervallo,
1194 3620 1435 3710 lacteorum
1473 3625 1560 3709 iam
1593 3625 1750 3709 horum
1783 3625 1981 3732 dentium
2013 3631 2129 3711 cani·

542 3803 699 3856 norum
746 3769 924 3880 vestigia
971 3787 1240 3876 comparent.
1284 3765 1521 3869 scilicet,
1554 3769 1622 3850 vin
1672 3743 1884 3852 inferiore
1926 3770 2124 3870 maxilla,

542 3919 658 4000 iuxta
697 3915 937 4023 marginem
986 3910 1275 4024 posteriorem
1318 3908 1517 3995 dentium
1558 3907 1800 3992 lacteorum
1841 3911 2126 3994 incisivorum

541 4057 790 4145 mediorum
822 4061 946 4164 (sunt
973 4082 1080 4137 vero
1109 4048 1237 4134 medii
1267 4050 1416 4161 dentes
1446 4052 1733 4138 incisivorum
1764 4054 1823 4156 ei,
1857 4055 1935 4168 qni
1965 4054 2128 4166 primo—

541 4233 608 4288 res
641 4177 755 4288 inter
785 4224 829 4285 et
858 4196 1056 4282 laterales
1084 4192 1280 4278 medium
1308 4219 1523 4307 occupant
1546 4194 1722 4302 locum)
1751 4197 1899 4308 positi,
1933 4225 2126 4280 summae

541 4375 695 4430 eorum
735 4317 951 4442 coronae,
993 4337 1047 4421 ab
1089 4366 1263 4447 egressu
1304 4367 1355 4421 ex
1393 4335 1561 4421 alveolo
1592 4366 1748 4450 parum
1779 4345 2004 4442 remotae,
2048 4339 2126 4422 eli-

542 4511 754 4604 quantum
792 4479 1053 4570 incumbunt
1083 4502 1127 4562 et
1163 4508 1293 4590 supra
1327 4478 1517 4588 gingivas
1554 4477 1703 4591 paullo
1746 4479 1953 4564 eminent.
2023 4479 2125 4563 Mox

541 4661 680 4735 vero,
719 4628 874 4713 mediis
922 4625 1007 4710 illis
1047 4619 1252 4705 dentibus
1283 4621 1460 4722 lacteis,
1502 4619 1675 4730 primo,
1718 4617 1788 4702 vel
1819 4620 1876 4703 ad
1905 4648 2124 4701 summum

540 4770 750 4874 secundo,
770 4769 932 4854 aetatis
965 4795 1128 4870 mense,
1160 4794 1331 4850 sursum
1356 4783 1398 4845 et
1422 4760 1695 4876 aliquantum
1715 4740 2126 4846 antrorsum'em‘er·

551 4972 983 4998 w

579 5093 605 5174 1’)
626 5054 759 5173 Virro,
782 5085 821 5157 de
843 5106 878 5157 re
900 5084 1019 5158 rustica
1042 5088 1081 5156 ll.
1109 5109 1142 5175 l·
